2574 3443
1102 81 1411 126 -3—

271 215 382 276 Cap.
391 214 453 259 V.
493 217 537 260 N
537 229 586 259 ec
605 215 818 272 Agricola
847 216 1027 258 licenter
1043 226 1156 256 more
1174 214 1388 265 iuvenum,
1417 212 1493 270 qui
1514 212 1718 254 militiam
1736 213 1781 254 in
1800 211 2038 256 lasa-uiam
2055 220 2243 271 mmet,

444 311 571 355 nequo
598 299 790 352 segniter
820 298 877 338 ad
905 296 1145 350 voluptates
1184 301 1225 335 et
1261 300 1516 335 commeatus
1549 293 1726 336 titulum
1754 295 2003 338 tribunatus
2029 298 2075 338 et

612 371 625 390 ²
989 375 1206 417 inscitiam
1236 376 1410 430 retulic3
1437 371 1522 416 rel.

407 541 685 601 '‚‚Commatis
716 543 910 597 signum,
951 553 1040 598 quo
1067 537 1180 580 haec
1210 537 1348 587 verba
1385 540 1654 596 interpungi
1685 532 1845 593 solent,
1882 535 2136 583 tollendum
2163 546 2252 600 eet,-

274 628 319 665 et
349 627 503 667 omnia.
534 622 649 664 bene
680 636 724 663 se
756 618 938 675 habent,
967 619 1073 662 licet
1104 620 1261 662 durior
1291 623 1346 662 sit
1372 617 1696 662 vocabulorum
1729 618 1867 676 ord03
1904 633 2012 661 nam
2042 618 2245 680 jungen-

275 700 386 745 dum
415 710 500 743 est:
531 701 586 743 ad
618 699 867 756 voluptates
900 705 942 740 et
982 706 1254 741 commeatus
1287 706 1329 740 et
1366 700 1589 740 inscitiam
1616 697 1801 739 titulum
1829 696 2084 742 tribunatus
2113 707 2246 744 retu-

274 778 372 821 lif.»
440 778 624 821 Becker.
664 778 745 820 Dii
775 772 983 819 meliora!
1018 791 1242 835 nusquam
1272 777 1379 822 Tac.
1410 776 1671 835 hujusmodi
1703 775 2026 820 vocabulorum
2044 778 2246 822 colloca-

275 863 446 902 tionem
467 859 550 901 sibi
570 860 788 916 permisit.
823 856 976 900 Multo
998 857 1157 902 melius
1185 855 1325 901 Bloch
1349 855 1402 899 V.
1415 855 1477 902 D.
1497 871 1607 911 „nec
1619 856 2131 915 segniter,negligenter‚
2150 861 2246 902 mi—

274 938 454 982 litarem
474 951 662 996 operam
682 939 876 991 navavit,
907 935 1091 978 titulum
1120 934 1228 980 trib.
1262 942 1337 977 aut
1355 937 1578 977 inscitiam
1613 936 1682 976 rei
1711 934 1917 978 militaris
1963 943 2249 995 praetexens,

276 1032 366 1076 quo
398 1018 485 1058 sibi
506 1019 646 1072 magis
679 1015 751 1056 vel
781 1014 1084 1072 voluptatibus
1104 1012 1283 1073 perfrui
1313 1014 1382 1057 vel
1403 1013 1458 1056 ab
1489 1017 1690 1056 exercitu
1721 1013 1870 1056 abesse
1896 1014 2094 1061 liceret.“
2128 1032 2251 1060 eun-

277 1097 381 1139 dem
411 1110 593 1137 sensum
623 1101 943 1151 expresserunt
976 1092 1225 1150 Schlueter,
1255 1092 1441 1136 Dureau
1477 1094 1534 1136 de
1567 1095 1611 1136 la
1646 1093 1810 1150 Malle3
1846 1097 1923 1151 qui
1959 1101 2002 1135 et
2034 1098 2122 1152 ipsi
2156 1111 2252 1139 non

277 1171 513 1221 viderunt,
552 1172 776 1212 inscitiam
812 1167 868 1208 ad
905 1168 1147 1211 tribunatus
1190 1183 1282 1209 esse
1318 1168 1626 1219 referendum,
1664 1175 1715 1208 ut
1753 1167 1878 1210 Ann.
1914 1167 1947 1219 I,
2001 1182 2036 1210 1.
2075 1172 2251 1225 inscitia

279 1249 546 1308 reipublicae.
613 1245 744 1288 Unus
782 1244 1015 1289 Valeriani
1056 1246 1241 1306 (Opere
1279 1246 1325 1290 di
1365 1248 1415 1291 C.
1446 1247 1497 1291 C.
1538 1247 1698 1290 Tacito
1734 1246 2024 1306 volgarizzate
2060 1247 2115 1293 da
2153 1250 2251 1293 Lo-

282 1323 440 1365 dovico
472 1321 723 1366 Valeriani.
792 1319 931 1363 Pavia
965 1320 1107 1366 1810.
1133 1320 1178 1365 5.
1200 1321 1306 1366 Vol,
1339 1323 1422 1378 80)
1452 1328 1574 1365 recte
1602 1321 1898 1365 intellexissse
1920 1321 2110 1378 videtur,
2140 1336 2252 1367 ver-

278 1408 399 1443 tens:
433 1397 503 1444 Νὲ
534 1400 926 1443 licenziosamente
955 1398 1190 1458 Agricola,
1221 1405 1412 1445 sic-come
1449 1401 1654 1458 sogliono
1682 1404 1700 1443 i
1731 1403 1925 1457 giovani,
1958 1404 1974 1442 i
2006 1401 2128 1458 quali
2147 1402 2255 1446 vol-

280 1494 399 1539 gono
430 1480 474 1524 la
512 1481 678 1522 milizia
711 1483 759 1522 in
799 1480 1101 1537 dissolutezzaa
1141 1476 1203 1525 ne
1244 1481 1585 1524 codardamente
1617 1483 1655 1523 si
1693 1473 1830 1538 giovc')
1871 1479 1987 1526 della
2027 1484 2255 1541 inesperi-

282 1574 393 1602 enza
423 1575 447 1600 e
469 1561 539 1599 del
558 1560 686 1597 titolo
707 1559 754 1597 di
770 1559 981 1600 Tribuno
1002 1575 1085 1614 per
1104 1559 1312 1613 divagare
1351 1564 1400 1602 in
1427 1563 1610 1617 piaceri.
1676 1560 1807 1602 Haec
1835 1559 2083 1601 verborum
2110 1561 2258 1603 collo-

281 1641 396 1681 catio
426 1650 557 1694 saepe
586 1639 636 1677 in
666 1633 876 1676 fraudem
906 1633 1041 1676 duxit
1074 1638 1355 1692 interpretes.
1391 1637 1443 1679 C.
1484 1650 1524 1681 1.
1555 1641 1890 1695 „ignorantiam
1920 1642 2030 1681 recti
2060 1646 2104 1682 et
2132 1643 2257 1683 invi-

280 1718 446 1773 diam‚“
467 1715 587 1774 quod
609 1729 779 1770 omnes,
799 1728 996 1770 quorum
1015 1716 1323 1756 conversiones
1343 1714 1536 1768 inspexi,
1558 1716 1675 1754 male
1694 1721 1890 1755 vertunt,
1951 1713 2118 1757 Barth:
2138 1716 2258 1762 Neid

281 1812 325 1839 u.
357 1794 701 1846 Unwissenheit,
734 1791 990 1832 Schlueter:
1021 1786 1310 1846 Stumpfsirin
1342 1803 1385 1829 u.
1417 1788 1550 1844 Neid,
1580 1790 1817 1835 Doederl.:
1847 1791 2082 1835 Blindheit
2116 1809 2258 1854 gegen

282 1872 505 1918 Sittliches
526 1871 620 1913 und
640 1870 774 1923 Nem,
803 1869 846 1909 la
868 1867 1030 1908 Malle:
1051 1867 1096 1909 Ia
1116 1869 1266 1910 sottise
1287 1875 1328 1909 et
1354 1866 1541 1925 l’envie3
1573 1868 1650 1909 alii
1672 1869 1829 1911 eodem
1849 1867 1947 1911 fere
1974 1873 2134 1932 mod03
2164 1878 2261 1934 ipse

281 1953 537 1996 Valeriani:
558 1951 601 1993 la
621 1962 914 1992 sconoscenza
942 1948 1015 1990 del
1035 1946 1121 1990 ben
1152 1962 1317 2005 oprare
1337 1963 1360 1990 e
1389 1946 1604 1991 l'invidia.
1676 1947 1811 2005 Quqd
1841 1953 1877 1991 si
1907 1950 2053 1994 dicere
2083 1954 2262 1998 voluis-

282 2039 349 2076 set
388 2029 512 2086 Tac„
550 2026 754 2088 profecto
786 2028 1035 2084 scripsisset
1073 2034 1197 2086 vitia,
1236 2039 1339 2072 non
1375 2035 1543 2078 vitium.
1613 2026 1921 2086 Ignorantiam
1961 2038 2004 2073 et
2042 2032 2262 2078 invidiam

284 2111 432 2172 (Hass
469 2121 565 2150 non
606 2104 747 2169 Νεῐα)
779 2107 906 2162 recti,
947 2117 1144 2165 quarum
1184 2105 1326 2150 altera
1353 2119 1498 2164 causa,
1529 2105 1668 2150 altera
1698 2105 1883 2151 effectus
1925 2110 1995 2165 sit,
2028 2117 2079 2154 ut
2118 2125 2261 2157 unam

284 2203 384 2230 rem
424 2190 587 2229 vitium
624 2193 755 2227 vocat
792 2188 946 2242 parvis
975 2188 1240 2242 magnisque
1269 2186 1519 2227 civitatibus
1566 2200 1819 2228 commune.
1890 2187 1981 2229 Per
2019 2202 2093 2230 me
2125 2190 2260 2251 dicas,

285 2264 484 2322 figuram
503 2263 827 2322 Hendiadyoin
848 2277 955 2318 esse,
984 2265 1154 2305 invidia
1184 2268 1296 2306 recti
1327 2278 1383 2306 ex
1416 2269 1670 2322 ignorantia
1700 2266 1793 2323 ejus
1815 2274 1929 2307 nata.
2001 2267 2159 2311 Germ.
2183 2276 2259 2324 43.

286 2347 502 2402 „vertices
541 2345 768 2385 montium
808 2340 1102 2402 jugumque.“
1143 2341 1223 2389 46.
1265 2359 1370 2399 „ora
1419 2341 1663 2386 hominum
1707 2344 1986 2402 vultusque.“
2030 2345 2128 2390 eod.
2167 2363 2261 2408 cap,

287 2422 465 2479 „sordes
508 2423 715 2464 omnium
754 2435 804 2463 ac
836 2428 1011 2477 torpor,
1043 2435 1289 2478 procerum
1323 2422 1559 2466 connubiis
1591 2423 1701 2466 rolf<
1738 2424 1816 2476 (ut
1850 2423 1932 2470 Im.
1964 2422 2145 2469 Bekker
2182 2431 2263 2471 in-

288 2503 655 2560 terpunetionem
686 2507 807 2540 reete
847 2503 1052 2542 restituit.
1088 2501 1289 2543 Passow:
1323 2501 1532 2556 „Primus
1563 2502 1811 2545 Rhmanus
1844 2510 1945 2559 post
1990 2518 2144 2559 tarpsr
2186 2511 2264 2550 in-

291 2584 435 2623 cisum
468 2577 727 2622 collocavit:
758 2578 896 2621 male:
921 2578 1031 2635 quid
1061 2582 1183 2622 enim
1213 2578 1435 2623 connubia
1464 2596 1711 2638 procerum
1740 2581 1796 2624 ad
1813 2574 2102 2639 populum?“
2131 2582 2265 2636 Qua-

293 2663 330 2703 si
359 2671 569 2716 proceres
600 2672 695 2702 non
725 2661 815 2702 sint
858 2670 965 2716 pars
992 2658 1168 2718 populi,
1186 2673 1328 2717 neque
1354 2659 1507 2717 plebes
1536 2660 1688 2704 multis
1712 2663 1760 2703 in
1787 2660 1922 2704 rebus
1951 2675 2022 2705 eos
2053 2663 2267 2710 imitetur.

292 2735 572 2795 Altenburg:
612 2735 730 2793 „Mit
760 2736 910 2781 Recht
943 2740 1246 2797 interpungirt
1277 2738 1452 2785 Passow
1481 2739 1600 2787 nach
1632 2754 1877 2799 piocerum
1906 2767 1968 2777 -·
2002 2742 2103 2786 weil
2144 2756 2268 2790 sonst
