2574 3443
1163 143 1365 185 -22
1436 161 1548 175 —-·

344 277 398 315 ut
423 282 746 327 nonnunquam
772 252 852 320 ⁴fit,q
879 269 1068 311 obscure
1098 269 1252 328 'potius
1281 272 1471 313 senserit
1500 282 1673 324 verum,
1702 282 1838 329 quam
1860 268 1979 311 clare
2005 270 2320 329 perspexerit3

343 363 534 408 namque
575 347 774 405 alioquin
813 346 1021 406 profecto
1051 359 1213 403 operae
1250 351 1454 403 pretium
1504 350 1717 401 duxisset,
1759 348 1964 407 pluribus
2002 348 2150 404 verbis
2200 349 2319 394 hanc

340 443 467 471 suam
506 416 775 470 sententiam
813 425 1019 480 firmare;
1049 422 1170 483 quod
1220 428 1258 467 si
1299 425 1502 486 fecisset,
1557 441 1652 470 non
1694 427 1798 470 alias
1852 434 1982 486 atque
2023 426 2127 469 alias
2173 428 2318 471 inter-

337 508 613 566 pretationes
652 504 744 561 jam
779 506 1049 548 molirentur
1078 503 1187 546 VV.
1218 502 1339 558 DD.,
1377 521 1523 565 neque
1555 506 1746 550 Dronke
1785 509 2047 565 scripsisset:
2077 505 2315 558 „Oberlini

338 586 569 636 sententia,
599 588 676 643 qui
714 600 754 628 v.
785 592 935 627 auctus
982 582 1038 624 ad
1067 589 1249 635 terram,
1278 581 1469 638 hostem,
1508 601 1728 629 oceanum
1767 586 1920 639 refert,
1959 586 2088 629 nobis
2129 584 2315 645 probari

336 677 430 705 non
469 667 617 721 potest
656 670 700 704 et
739 669 928 720 propter
967 668 1238 703 structuram
1277 670 1320 704 et
1350 662 1471 722 quod
1497 668 1709 722 sequitur,
1746 668 1922 707 militari
1959 665 2173 719 jactantia,
2213 667 2314 722 qui-

335 740 419 783 bus
448 742 593 783 verbis
623 744 738 780 inest
770 743 831 782 vis
861 743 1098 796 ‹11.agendi.“,
1127 755 1272 796 neque
1301 742 1429 793 mihi,
1459 759 1599 800 quum
1629 744 1712 786 alia
1743 747 1812 786 via
1847 759 2004 787 verum
2031 747 2311 796 invenissem,

333 822 512 876 penitus
544 833 601 859 ex
639 821 789 860 animo
820 817 976 859 fuisset
1008 818 1223 876 elapsmn,
1252 818 1374 861 hunc
1403 820 1555 863 lo‘cum
1584 819 1676 876 jam
1705 819 1761 866 ab
1792 820 2013 863 Oberlino
2045 821 2200 864 eadem
2237 836 2311 864 ra-

332 903 454 941 tione
486 896 762 953 explicatum
795 895 902 938 esse.
2236 910 2242 913 ·

444 978 674 1020 Sententia
702 974 836 1031 hujus
865 975 952 1016 loc-i
983 983 1070 1018 est:
1100 973 1209 1018 hinc
1238 984 1408 1021 terram
1440 984 1484 1019 et
1512 974 1705 1030 hostem,
1725 974 1834 1019 hinc
1864 991 2084 1019 oceanum
2113 977 2302 1021 militari

327 1056 535 1112 jactantia
565 1052 788 1112 augebant
819 1061 948 1113 atque
979 1053 1088 1097 haec
1117 1057 1238 1097 inter
1267 1071 1313 1098 se
1346 1056 1677 1115 comparabant.
1735 1056 1846 1099 Vox
1876 1064 2032 1099 auctus
2061 1057 2117 1098 ad
2145 1059 2237 1100 silv.
2267 1065 2308 1101 et

328 1143 457 1178 mont.
486 1124 713 1192 profunda
755 1124 798 1176 et
827 1142 955 1191 temp.
993 1150 1041 1177 ac
1060 1133 1117 1191 fl.
1148 1139 1334 1178 adversa
1375 1143 1419 1178 et
1449 1144 1562 1178 terra
1590 1143 1630 1176 et
1667 1136 1800 1177 hostis
1827 1133 2063 1176 referenda
2092 1134 2305 1192 (Ramsh.

326 1213 357 1273 ᾗ.
387 1213 457 1272 96,
489 1227 525 1265 α,
556 1194 647 1269 (κ),
678 1216 787 1254 item
824 1214 1040 1256 vocabula
1070 1217 1200 1257 modo
1240 1238 1286 1247 —-
1317 1216 1458 1266 modo,
1498 1217 1599 1256 hinc
1640 1237 1686 1245 —
1725 1214 1826 1256 hinc
1865 1219 1909 1254 et
1947 1212 2082 1255 verba
2109 1216 2305 1259 militiari
2333 1257 2343 1262 ,

323 1292 530 1348 jactantia
558 1306 653 1334 non
683 1291 739 1334 ad
769 1301 1138 1350 compararentur
1169 1293 1247 1335 sed
1277 1293 1333 1336 ad
1363 1300 1516 1337 auctus
1542 1291 1781 1335 referenda
1810 1298 1927 1334 sunt.
2245 1287 2249 1291 ’

437 1371 549 1413 Tria
578 1369 715 1426 igitur
743 1378 975 1412 momenta
1005 1371 1138 1413 simul
1169 1373 1514 1429 intelligentiam
1544 1370 1676 1426 hujus
1707 1371 1795 1412 loci
1814 1355 2159 1427 impediverunt,
2188 1384 2300 1428 quo·

321 1464 425 1492 rum
453 1463 596 1491 unum
624 1447 713 1503 jam
745 1447 819 1490 hic
848 1449 940 1491 illic
971 1453 1019 1491 in
1049 1464 1251 1493 errorem
1282 1451 1413 1493 duxit
1442 1455 1733 1508 interpretes.

432 1529 651 1579 Primum,
680 1528 802 1586 quod
840 1531 1130 1586 participium
1158 1531 1391 1586 praeteriti
1428 1533 1629 1586 positum
1659 1535 1724 1570 est
1754 1526 2076 1584 significatione
2113 1531 2298 1585 partici-

319 1610 386 1665 pii
413 1611 658 1664 praesentis
689 1611 865 1663 passivi,
893 1624 982 1664 quo
1014 1614 1133 1651 caret
1161 1609 1315 1665 linqua
1343 1608 1432 1660 lat„
1459 1608 1544 1660 vel,
1570 1615 1622 1650 ut
1651 1609 1931 1664 grammatici
1960 1605 2129 1657 volunt,
2158 1610 2299 1664 signi-

318 1684 527 1729 ficatione
571 1687 801 1739 participii
832 1687 999 1729 aoristi.
1057 1684 1246 1728 Ramsh.
1275 1683 1306 1741 ᾗ.
1342 1697 1434 1739 171,
1472 1685 1505 1736 I,
1535 1684 1595 1740 α)
1625 1686 1685 1727 Ν.
1711 1695 1755 1736 1,,
1782 1684 1842 1741 b)
1873 1685 2040 1728 Sanctii
2069 1685 2184 1727 Min.
2226 1685 2296 1732 ed,

314 1761 461 1804 Bauer
490 1758 519 1810 I,
530 1774 575 1815 p.
593 1756 672 1801 156
702 1773 822 1816 seqq.
851 1756 1090 1800 Heindorf
1102 1757 1158 1799 ad
1187 1756 1303 1798 Hor.
1334 1759 1421 1798 Sat.
1440 1758 1472 1808 Ι,
1502 1768 1542 1808 2,
1562 1759 1688 1803 66.-
1717 1761 1788 1802 Cf.
1818 1760 1936 1803 infra
1958 1775 2003 1805 c.
2032 1774 2099 1819 29.
2140 1762 2294 1814 „Initio

314 1841 489 1882 aestatis
519 1835 736 1894 Agricola
774 1835 1025 1877 domestico
1051 1835 1235 1877 vulnere
1276 1836 1385 1877 ictus
1424 1848 1543 1876 anno
1581 1842 1683 1878 aute
1722 1841 1879 1877 natum
1917 1835 2064 1877 filium
2104 1842 2295 1883 amisit.“

314 1917 407 1960 filio
449 1918 609 1958 amisso
640 1917 753 1957 ictus
795 1922 872 1957 est.
902 1914 965 1957 H.
1002 1914 1072 1966 ΙΠ,
1104 1927 1142 1971 7.
1177 1915 1451 1966 „subtractus
1490 1914 1688 1957 militum
1730 1917 1822 1955 irae
1864 1912 1922 1956 ad
1959 1913 2291 1971 Vespasianum

311 2000 463 2040 missus
494 2000 599 2040 est.“
657 1994 735 2035 ubi
775 1995 885 2036 Ern.
916 2003 961 2036 et
994 2001 1095 2051 post
1125 1995 1221 2036 irae
1256 1995 1472 2050 requirit3
1512 1997 1671 2035 missus
1712 1993 1962 2035 subtractus
2003 1978 2090 2046 estt,
2128 1999 2289 2040 missus

312 2084 390 2127 est,
417 2083 468 2116 ut
498 2071 849 2116 subtraheretur.
880 2072 995 2129 Agr.
1027 2073 1094 2114 33.
1125 2087 1418 2129 „quamquam
1448 2071 1615 2114 laetum
1646 2080 1689 2114 et
1725 2076 1803 2115 vix
1835 2074 2128 2115 munimentis
2171 2091 2288 2118 coer—

310 2159 444 2197 citum
472 2154 663 2194 militem
696 2151 1030 2192 accendendum
1059 2150 1204 2192 adhuc
1234 2155 1394 2194 ratus.“
1422 2150 1484 2193 H.
1503 2150 1535 2200 Ι,
1564 2149 1605 2195 6.
1624 2151 1906 2202 ,,ΙηναΙί(1ιΠῐι’
1927 2166 2080 2193 senem
2111 2153 2168 2195 T.
2201 2154 2286 2197 Vi-

307 2238 408 2277 nius
438 2239 482 2274 et
514 2230 752 2274 Cornelius
782 2230 918 2282 Laco,
947 2228 1060 2273 alter
1089 2229 1361 2271 deterrimus
1390 2227 1664 2282 mortalium,
1683 2228 1797 2273 alter
1825 2231 2145 2286 ignavissimus,
2176 2231 2281 2276 odio

305 2298 580 2371 flagitiorum
612 2318 838 2353 oneratum
868 2315 1131 2365 contemptu
1160 2310 1347 2350 inertiae
1378 2306 1707 2354 destruebant.“
1738 2305 1875 2361 Quod
1905 2307 2038 2365 vulgo
2059 2309 2175 2353 male
2205 2315 2277 2355 in-

305 2392 535 2448 telligitur.
566 2389 821 2432 Gutmann:
853 2388 986 2441 „Den
1014 2386 1263 2429 kraftlosen
1285 2387 1428 2429 'Greis
1458 2386 1681 2430 n'chteten
1710 2388 1768 2431 T.
1796 2386 1857 2431 V.
1886 2403 1930 2430 u.
1963 2387 2012 2431 C.
2042 2388 2112 2441 L.‚
2149 2390 2279 2446 jener

304 2470 386 2513 der
414 2467 745 2520 verworfenste,
775 2468 921 2511 dieser
951 2466 1033 2510 der
1061 2465 1312 2509 schlaffeste
1342 2466 1533 2509 Mensch
1562 2466 1770 2510 vollends
1808 2482 1865 2509 zu
1896 2466 2099 2521 Grunde,
2131 2467 2278 2513 durch

304 2548 393 2591 den
423 2546 554 2597 Hass,
584 2545 672 2588 den
702 2545 802 2588 ihre
836 2545 911 2597 (‘.=’)
943 2543 1311 2602 Schlechtigkeit,
1339 2544 1433 2587 und
1464 2544 1609 2588 durch
1640 2545 1711 2587 die
1742 2545 2054 2603 Verachtung,
2085 2547 2156 2590 die
2177 2548 2279 2591 ihre

301 2626 372 2684 (Ρ)
401 2623 652 2682 Traegheit
681 2622 762 2667 auf
785 2623 869 2666 ihn
888 2621 1035 2667 warf.“
1065 2622 1241 2676 Vinius,
1272 2623 1539 2666 deterrimus
1570 2623 1843 2676 mortalium,
1865 2623 1969 2666 odio
1987 2622 2277 2681 flagitiorum,

300 2714 345 2750 et.
372 2706 509 2757 Laco,
538 2706 848 2762 ignavissimus
865 2702 1139 2757 mortalium,
1167 2711 1431 2761 contemptu
1459 2706 1647 2746 inertiae
1678 2702 1842 2745 eodem
1877 2708 2084 2760 tempore
2115 2706 2275 2749 invali-

301 2786 409 2831 dum
437 2799 592 2830 senem
622 2782 867 2828 onerabant
897 2789 942 2826 et
972 2781 1271 2831 destruebant.
1299 2782 1364 2830 H.
1403 2782 1435 2837 I,
1463 2781 1533 2830 64.
1562 2785 1767 2838 „secretis
1798 2797 1903 2827 eum
1945 2784 2273 2830 criminationi-
