2574 3443
1103 74 1443 150 '-17—-}

296 224 517 282 exercitae
546 220 744 273 militiae,
772 221 918 279 neque
946 222 1133 277 inopem
1159 221 1363 276 requiem
1391 217 1612 270 orabant‚“
1628 216 1700 260 ib.
1733 218 1795 262 15.
1824 233 1906 273 „ne
1933 218 2039 263 laeti
2069 233 2254 263 excessu

297 299 532 357 Principis,
560 303 650 342 neu
688 303 906 342 tristiores
942 286 1207 356 primordie,
1244 290 1459 350 lacrimas,
1498 296 1724 354 gaudium,
1754 304 1943 355 questus,
1978 299 2254 342 adulationes

296 377 579 419 misceban1.“
637 379 775 434 Saepe
806 381 855 418 in
883 379 1035 433 priore
1065 373 1243 430 periodi
1271 376 1475 419 membro
1506 375 1694 419 verbum
1732 377 1894 426 omisit,
1928 376 2167 435 voluitque,
2204 383 2254 418 ut

300 457 516 497 omissum
546 471 606 498 ex
632 458 881 513 posteriore
904 454 1216 504 divium-emus,
1254 451 1302 494 id
1341 454 1460 509 quod
1500 467 1557 495 ne
1596 466 1739 510 puero
1781 452 1964 508 quidem
1998 454 2131 496 multi
2168 458 2254 496 erit

300 531 488 575 sudoris.

304 767 412 825 Cap.
442 768 555 812 XX.
616 769 775 831 Quz'bas
812 773 935 812 rebus
973 757 1131 813 »inultae
1167 772 1376 820 civitates,
1405 770 1587 825 quaein
1626 768 1741 811 illum
1772 769 1878 811 diem
1907 784 1955 811 ex
1991 784 2128 826 aequo
2168 785 2261 827 ege-

384 865 389 867 *
419 855 534 899 rant,
572 848 684 890 datis
713 851 940 900 obsidibus,
968 850 1080 891 iram
1107 861 1308 908 posuere,
1335 855 1373 890 ec
1402 849 1631 905 praesidiis
1662 849 1925 904 castellisque
1965 850 2149 891 circum-

478 929 606 968 datae
635 936 744 981 stant,
773 936 894 969 tanta
920 929 1089 977 ratione
1129 940 1328 983 curaque,
1352 933 1399 967 ut
1427 927 1546 967 nulla
1575 931 1674 966 ante
1691 927 1950 970 Britanniae
1978 940 2091 969 nova

967 1021 1073 1061 pars
1098 1007 1329 1048 illacessita
1366 1006 1595 1049 transierit.

421 1131 696 1180 Sententiam
725 1136 857 1192 hujus
886 1137 975 1180 loci
1004 1144 1126 1181 recte
1167 1139 1466 1198 explanarunt
1515 1138 1639 1188 Em„
1677 1134 1906 1189 Doederl„
1935 1135 2144 1192 Dronke,
2167 1138 2265 1193 alii;

309 1228 467 1257 verum
496 1219 548 1258 in
569 1216 897 1274 expediendam
925 1224 1196 1261 structuram
1210 1218 1448 1264 verborum
1467 1224 1516 1261 ut
1537 1218 1655 1260 nulla
1672 1240 1738 1248 --
1759 1218 1980 1261 transierit
1996 1215 2161 1261 frustra
2180 1221 2266 1261 im-

310 1293 565 1350 penderunt
600 1295 814 1337 laborem.
872 1297 981 1338 Em.
1020 1303 1149 1354 putat
1186 1299 1244 1341 sic
1283 1297 1354 1340 vel
1392 1298 1458 1339 ita
1498 1294 1715 1338 excidisse
1753 1301 1856 1352 post
1893 1309 2023 1353 pars3
2052 1295 2267 1340 Doederl.

311 1371 501 1428 pulchre
529 1373 699 1425 videns,
729 1374 810 1416 ubi
839 1373 1021 1417 haereat
1049 1391 1134 1428 res,
1161 1375 1446 1418 scribendum
1476 1374 1665 1429 conjecit
1696 1388 1892 1431 curaque,
1920 1382 1968 1417 at
1998 1382 2126 1426 ea‚ut
2155 1376 2270 1417 nulla

312 1450 405 1502 rel.‚
442 1451 566 1506 cujus
596 1453 916 1495 emendationis
947 1468 1127 1496 sensum
1155 1468 1203 1496 se
1243 1469 1339 1496 non
1376 1452 1625 1509 intelligere
1655 1451 1846 1493 Dronke
1885 1459 2152 1511 conquestus
2194 1461 2272 1506 est,

313 1529 433 1587 quod
472 1534 626 1572 miror.
683 1532 781 1588 Ego
820 1531 930 1574 haec
967 1533 1159 1575 Beckeri
1196 1546 1292 1575 non
1329 1530 1555 1588 intelligo:
1591 1537 1667 1582 „ut
1703 1544 1798 1572 non
1833 1544 1919 1588 pro
1958 1530 2274 1587 conjunctione

313 1607 391 1647 sed
420 1622 505 1663 pro
536 1607 743 1649 adverbio
774 1589 1084 1665 accipiendum
1114 1616 1158 1650 et
1187 1608 1244 1648 ad
1272 1609 1506 1662 illucessita
1519 1601 1810 1648 referendum
1833 1611 1935 1649 est.“
1961 1608 2167 1650 Primum
2196 1621 2275 1651 nea

312 1698 389 1728 mo
406 1668 585 1738 videbit,
613 1685 734 1729 unde
765 1685 1070 1742 conjunctivus
1098 1684 1316 1741 pendeat3
1347 1683 1508 1725 deinde
1537 1682 1839 1739 plusquampf.
1870 1684 2133 1740 ponendum
2162 1685 2273 1742 fuit3

288 1757 545 1822 'postremo
559 1778 646 1821 quo
677 1763 853 1805 vinculo
883 1763 1018 1805 verba
1045 1768 1094 1804 at
1122 1764 1244 1805 nulla
1256 1767 1338 1804 etc.
1368 1773 1473 1803 cum
1502 1758 1879 1814 antecedentibus,
1907 1765 2152 1821 praecipue
2170 1746 2275 1809 cuni

314 1855 422 1883 voce
454 1849 577 1882 tanta
607 1840 880 1883 cohaerent?
908 1841 1036 1883 Alias
1065 1841 1228 1882 multas
1271 1839 1546 1894 conjecturas
1576 1846 1707 1896 atque
1745 1841 2138 1898 interpretationes
2176 1844 2278 1888 vide

316 1924 374 1962 sis
405 1920 524 1976 apud
551 1919 824 1961 Dronkium.
853 1945 921 1952 -—
947 1921 1055 1962 Mea
1083 1918 1399 1976 qualiscunque
1429 1921 1649 1960 sententia
1678 1916 1788 1958 haec
1820 1926 1897 1960 est.

431 2000 614 2040 Tacitus
642 1997 717 2038 hic
753 2005 805 2039 ut
833 1999 928 2040 aliis
958 1999 1068 2040 locis·
1107 1998 1335 2040 brevitatis
1364 1997 1514 2038 studio
1546 1997 1656 2038 duas
1687 2001 2015 2041 enuntiationes
2052 2003 2103 2041 in
2141 2016 2282 2043 unam

321 2078 560 2119 contraxit.
619 2073 688 2118 Cf.
719 2092 855 2134 supra
882 2074 938 2118 ad
982 2090 1019 2119 c.
1053 2075 1116 2119 18.
1146 2063 1269 2118 infra¹
1296 2074 1352 2118 ad
1380 2090 1417 2118 c.
1448 2074 1518 2119 38.
1546 2100 1614 2115 -.—
1642 2074 1802 2132 Cogita
1829 2084 1980 2120 tecum
2020 2077 2075 2120 de
2104 2077 2175 2121 his
2213 2080 2283 2121 lo-

322 2159 406 2197 cis:
438 2150 473 2195 c.
503 2153 572 2208 43.
631 2153 797 2204 „Nobis
827 2152 943 2195 nihil
972 2140 1451 2212 comperti‘affirmare
1481 2156 1660 2195 ausim.“
1690 2168 1727 2195 e.
1755 2153 1824 2195 45.
1865 2170 2029 2213 „quum
2067 2155 2282 2199 denotan-

325 2234 391 2276 dis
420 2240 489 2274 tot
518 2232 757 2274 hominum
785 2232 1031 2289 palloribus
1061 2232 1284 2274 sufficeret
1312 2246 1462 2275 saevus
1491 2231 1568 2273 ille
1602 2231 1747 2273 vultus
1780 2239 1823 2273 et
1851 2232 2029 2274 rubor.“
2085 2233 2282 2276 Manife-

324 2320 443 2358 stum
472 2319 537 2353 est
566 2311 777 2354 Tacitum
801 2315 1034 2368 cogitasse:
1056 2313 1335 2355 circumdatae
1356 2318 1465 2363 sunt,
1477 2301 1608 2355 tanta
1637 2315 1803 2354 ratione
1826 2327 2029 2369 curaque,
2048 2321 2172 2364 ιιι,αὲ
2186 2318 2283 2358 nu!-

326 2392 367 2434 la
378 2397 471 2433 ante
491 2390 746 2432 Britanniae
769 2404 882 2432 nova
898 2405 1017 2446 pars,
1036 2392 1135 2434 haec
1158 2406 1268 2434 nova
1287 2406 1392 2449 pars
1402 2390 1629 2435 illacessita
1643 2393 1869 2434 transierit.
1899 2390 2053 2433 Verba
2063 2393 2164 2435 haec
2174 2409 2283 2438 nova

324 2485 428 2528 pars
449 2471 510 2511 ita
522 2470 681 2519 omisit,
710 2474 758 2509 ut
776 2467 910 2511 verba
928 2484 1046 2511 nova
1062 2484 1184 2525 pars,
1206 2484 1318 2526 quae
1336 2483 1456 2510 nunc
1474 2468 1697 2528 leguntur,
1710 2469 1764 2509 ad
1777 2472 2130 2512 enuntiationem
2151 2480 2195 2513 et
2214 2487 2283 2513 se-

329 2547 587 2590 cundariam
616 2553 660 2588 et
689 2533 951 2603 primariam
979 2549 1247 2604 pertineant.
1277 2545 1395 2590 Cfic.
1414 2546 1477 2590 14.
1515 2556 1601 2601 „ut‚
1629 2555 1775 2591 vetere
1806 2562 1854 2589 ac
1891 2548 1982 2602 jam
2012 2549 2191 2605 pridem
2210 2564 2283 2591 re-

331 2631 458 2683 cepta
485 2624 645 2681 populi
674 2624 871 2667 Romani
901 2624 1234 2678 consuetudine,
1262 2622 1445 2666 haberet
1475 2622 1565 2682 (sc.
1594 2624 1787 2684 populus
1816 2623 2079 2683 Romanus)
2117 2629 2285 2670 instru-

329 2712 479 2749 menta
520 2706 742 2747 servitutis
770 2710 813 2745 et
842 2707 1007 2761 reges.“
1046 2703 1097 2748 C.
1137 2703 1206 2750 38.
1254 2702 1397 2756 „unde
1434 2707 1649 2762 proximo
1687 2704 1821 2759 latere
1862 2703 2132 2758 Britanniae,
2169 2705 2285 2750 lecto

1539 2783 1543 2785 “
1952 2783 1975 2819 3
