2574 3443
1037 100 1380 145 -21—

234 242 557 287 supervacanea
596 238 724 284 sunt3
757 231 848 285 jam
886 216 970 289 per
999 244 1045 272 se
1085 231 1242 287 liquet,
1269 235 1429 273 itinera
1456 245 1540 289 per
1573 232 1723 289 hostes
1758 230 1923 275 infesta
1957 230 2107 274 fuisse.
2147 254 2194 265 -
2254 242 2260 245 ·

232 307 499 354 Accuratius
528 311 657 353 nobis
684 293 786 354 rem
807 309 1145 353 aestimantibus
1190 325 1302 353 mox
1330 310 1576 369 adparebit,
1607 312 1817 353 Tacitum
1845 313 1958 354 nihil
1981 311 2105 355 aliud
2121 311 2193 353 di-

235 402 335 432 cere
364 390 566 440 voluisse,
594 404 751 448 quamz
778 396 955 432 motum
990 393 1287 432 universarum
1316 393 1520 446 gentium
1542 389 1771 440 timebant,
1798 405 1908 432 neve
1938 390 2022 432 hac
2048 393 2101 433 're
2119 393 2192 432 in-

233 466 346 511 festa
374 477 519 511 essent
547 473 721 512 itinera.
777 469 926 511 Nemo
964 473 1118 520 nescit,
1146 481 1280 526 quam·
1320 468 1612 511 vehementer
1654 471 1787 508 etiam
1825 472 2192 524 praestantissimi

233 543 343 587 belli
363 546 495 589 duces
511 549 720 611 maximis
750 548 891 604 copiis
913 546 1207 605 omnibusque
1237 546 1394 605 opibus
1416 550 1635 598 instructi,
1664 548 1862 604 quicum
1890 546 2016 589 nullo
2036 561 2193 605 quam-

204 626 210 628 ’
234 628 298 667 vis
326 617 482 667 valido*
501 626 700 667 hostium
729 629 931 667 exercitu
961 617 1172 682 congredi
1202 634 1416 678 recusent,
1445 629 1539 667 imo
1570 632 1740 682 optent,
1780 638 1913 682 quam
1953 624 2195 667 vehemen-

233 704 538 762 ter,‘inquam,
566 707 754 744 timeant
769 707 963 746 universi
989 704 1149 761 populi
1162 711 1348 746 mettun.
1368 706 1553 746 Tacitus
1569 719 1695 745 more
1722 718 1800 745 suo
1832 718 2030 746 caussam
2060 711 2103 745 et
2127 702 2195 745 ef-

234 780 405 830 fectum
442 783 597 826 vocula
626 792 672 826 et
703 783 950 837 conjunxit.
987 784 1106 826 Hist.
1135 784 1185 834 ΙΙ,
1229 785 1293 826 23.
1332 785 1522 835 „scelere
1553 791 1595 824 et
1634 793 1759 826 metu
1787 784 2036 827 vecordes.“
2064 783 2097 834 Ι,
2126 782 2194 825 88.

234 860 388 913 „multi
417 861 582 907 afflicta
612 861 700 905 fide
731 865 779 905 in
806 878 916 920 pace
947 878 996 905 ae
1025 862 1213 905 turbatis
1243 863 1374 906 rebus
1404 864 1607 906 alacres.“
1666 864 1790 908 Ann.
1818 864 1849 915 I,
1878 865 1948 907 32.
1976 877 2052 914 „ea
2068 869 2195 904 vetu-

233 944 422 984 stissima
458 941 722 984 militaribus
762 941 874 983 odiis
909 944 1128 992 materies,
1168 948 1212 983 et
1250 943 1469 985 saeviendi
1498 946 1810 999 principium.“
1838 942 1908 993 ΠΙ,
1927 942 1994 984 55.
2025 954 2193 998 „poena

235 1037 294 1065 ex
321 1020 492 1077 legibus
523 1027 567 1061 et
594 1024 780 1062 met.us.“
807 1043 851 1052 -
879 1019 1104 1076 Suspicari
1132 1022 1271 1075 igitur
1298 1021 1415 1073 licet,
1444 1022 1656 1063 Tacitum
1700 1023 1942 1077 scripsisse:
1968 1023 2066 1076 quia
2096 1035 2194 1061 mo-

235 1111 304 1146 tus
342 1102 640 1142 universarum
678 1100 796 1141 utera
823 1102 1012 1153 gentium
1041 1106 1081 1141 et
1109 1101 1264 1151 infesta
1306 1103 1462 1143 itinera
1493 1102 1773 1154 timebantur3
1804 1107 1847 1141 et
1883 1099 2017 1142 verba
2051 1100 2190 1141 hosti-

235 1184 287 1224 lis
316 1181 521 1223 exercitus
548 1180 749 1235 ineptam
778 1175 971 1233 glossam
1000 1162 1093 1218 esse
1122 1175 1319 1220 hominis
1346 1177 1461 1221 hanc
1491 1186 1761 1222 structuram
1781 1180 2038 1236 ignorantis.
2095 1177 2194 1219 No-

233 1261 457 1301 tissimum
488 1263 564 1306 est,
593 1243 727 1313 quam
756 1255 908 1296 multis
937 1254 1047 1296 locis
1077 1256 1225 1297 Taciti
1264 1259 1430 1313 scripta
1468 1256 1672 1313 glossulis
1711 1256 1947 1312 depravata
1986 1258 2087 1298 sint.
2145 1254 2194 1296 Si

233 1347 384 1381 tamen
425 1335 571 1377 Taciti
601 1341 704 1376 sunt
738 1332 849 1375 haec
884 1333 1030 1385 verba,
1066 1333 1280 1376 Rhenaui
1320 1334 1564 1377 lectionem
1601 1334 1861 1377 servandam
1901 1348 2075 1386 censeo,
2115 1332 2195 1374 sed

237 1430 387 1459 casum
424 1428 509 1471 pro
547 1412 694 1453 dativo
734 1412 1058 1468 accipiendum,
1093 1428 1204 1470 quae
1242 1413 1388 1456 forma
1424 1413 1558 1457 dativi
1587 1418 1759 1470 saepius
1799 1417 2010 1465 occurri13
2066 1397 2196 1455 Lux-¹

233 1496 295 1540 H.
325 1494 377 1546 H,
407 1506 472 1549 71.
501 1491 561 1534 A.
589 1490 659 1541 ΙΙΙ,
698 1490 765 1534 30.
795 1491 863 1544 34.
894 1494 1070 1534 decursu
1096 1491 1158 1534 A.
1185 1492 1254 1544 ΙΙΙ,
1284 1493 1351 1535 33.
1384 1503 1594 1535 consensu
1632 1492 1693 1535 A.
1733 1488 1839 1544 ΧΠ,
1865 1493 1905 1534 5.
1954 1497 2197 1536 commeatu

233 1574 295 1619 A.
333 1572 434 1623 XII,
478 1570 547 1613 62.
587 1571 788 1613 comitatu
816 1569 879 1612 H.
898 1569 964 1622 Π,
993 1569 1060 1614 65.
1085 1579 1194 1615 metu
1223 1570 1284 1615 A.
1321 1570 1423 1623 XII,
1460 1571 1530 1615 32.
1571 1574 1768 1615 cruciatu
1807 1569 1919 1622 XV,
1947 1569 2017 1628 59.
2046 1581 2092 1604 ‹²-
2118 1567 2198 1614 Ad

232 1653 462 1704 Romanos
499 1651 638 1705 igitur
665 1646 903 1689 referenda
932 1654 1036 1687 sunt
1062 1646 1174 1688 haec
1203 1647 1350 1696 verba,
1391 1655 1435 1688 et
1463 1648 1700 1690 vertenda2
1734 1647 1811 1704 fiir
1840 1650 1905 1688 ein
1952 1649 2074 1695 (non
2096 1646 2195 1692 ,fiir

235 1730 340 1780 das)
370 1725 634 1769 feindliehes
663 1725 811 1774 Heer,
838 1723 931 1762 aliis
961 1720 1222 1775 hominibus
1251 1734 1345 1760 non
1369 1717 1499 1762 ‘erant
1538 1719 1713 1763 infesta.
1769 1721 1887 1763 Aliis
1918 1736 2094 1780 quoque
2123 1721 2195 1765 lo-

235 1810 297 1848 cis
326 1805 459 1848 verba
489 1804 625 1845 hostis
656 1807 700 1841 et
730 1800 898 1842 hostilis
928 1799 984 1841 ad
1011 1798 1250 1855 populares
1279 1798 1502 1856 loquentis
1532 1798 1710 1840 referre
1739 1802 1909 1841 mirum
1938 1803 1986 1841 in
2006 1801 2195 1844 modum

233 1885 475 1928 noluerunt
504 1884 786 1936 interpretes.
802 1877 852 1921 C.
865 1877 933 1920 36.
963 1876 1184 1929 „hostium
1202 1877 1779 1935 agminibusoe‘kibiDronk.
1807 1893 1843 1921 c.
1856 1879 1926 1923 32.
1954 1882 2084 1932 „vitia
2110 1879 2197 1922 ho-

237 1966 409 2015 stium,“
445 1958 523 2001 ubi
549 1959 757 2002 Muretus
789 1963 939 2000 nostra
968 1955 1110 1998 voluit
1139 1969 1226 2014 pro
1256 1957 1459 2000 hostium.

237 2196 337 2239 Eod
368 2195 476 2250 Cap.
506 2219 574 2229 --
603 2210 727 2251 quum
757 2217 800 2245 e—
828 2199 954 2237 modo
984 2196 1193 2236 silvarum
1222 2202 1259 2234 et
1286 2193 1486 2234 montium
1523 2190 1759 2247 profunda,
1797 2192 1920 2233 modo
1960 2199 2199 2249 tempesta-

354 2282 450 2318 tum
491 2289 543 2317 ac
577 2276 794 2328 fluctuum
835 2274 1029 2323 adversa,
1067 2275 1159 2316 hinc
1198 2281 1313 2315 terra
1343 2278 1381 2313 et
1410 2272 1560 2322 hostis,
1589 2273 1688 2314 hinc
1717 2278 1869 2313 auctus
1901 2285 2084 2313 oceanus

810 2353 990 2395 militari
1017 2340 1232 2405 jactantia
1264 2359 1621 2408 compararentur.

269 2501 274 2504 ¹
324 2507 553 2554 ‘Verbum
583 2513 743 2553 auctus
770 2503 1160 2552 vehementissime
1190 2510 1319 2552 torsit
1349 2508 1649 2567 interpretum
1679 2507 1867 2564 ingenia.
1897 2502 2027 2550 Unus
2051 2508 2197 2560 omni-

237 2603 316 2631 um
355 2588 546 2629 Oberlin
589 2593 710 2629 recte
750 2586 797 2628 id
842 2588 1159 2645 interpretatus
1201 2593 1277 2639 est,
1307 2585 1480 2628 dicens:
1518 2586 1589 2640 „A
1626 2586 1772 2644 Prisca
1811 2583 2002 2627 lectione
2053 2582 2196 2626 nolim

238 2666 460 2708 recedere.
518 2666 708 2707 Auxere
737 2666 902 2705 milites
930 2664 1185 2718 jactabundi
1224 2672 1377 2716 terras,
1406 2664 1594 2716 hostem,
1624 2678 1851 2717 oceanum,
1878 2670 1929 2704 ut
1957 2662 2016 2704 A.
2049 2675 2085 2715 2,
2128 2662 2197 2716 82,

239 2754 385 2790 cuncta
413 2748 459 2787 in
487 2733 674 2788 deterius
703 2753 828 2786 aucta
848 2744 1165 2800 adferebantur,
1222 2744 1291 2786 cf.
1322 2751 1365 2784 et
1394 2759 1432 2784 c.
1464 2745 1533 2800 39.
1553 2744 1607 2785 ab
1636 2746 1801 2786 initio.“
1830 2743 1918 2785 Sed
1946 2756 2200 2797 vereorme,
