2574 3443
1124 111 1467 155 ...20-

308 242 488 288 Ernest.
526 244 660 298 „Ego,
688 242 847 298 inquit,
875 246 976 297 post
1006 241 1111 282 sitas
1141 245 1223 280 aut·
1246 246 1347 282 ante
1378 241 1541 298 amplas
1570 239 1736 298 aliquid
1766 238 1981 281 excidisse
2027 240 2180 296 putavi
2224 236 2279 280 de

311 324 512 364 exercitu
540 321 765 373 terrestri,
784 321 908 360 cuius
938 332 1048 361 mox
1075 320 1260 370 mentio,
1289 325 1365 361 aut
1394 317 1681 378 expeditione
1710 322 1928 371 universa,
1955 315 2076 361 velut
2105 330 2282 376 aggres-

310 415 461 455 surus3
495 402 583 441 nisi
605 400 652 441 di
683 401 731 440 in
760 402 909 455 ipsum
939 398 1127 441 verbum
1158 400 1320 455 amplas
1351 407 1615 457 corruptum
1646 406 1722 456 est,
1751 397 1871 456 quod
1892 412 1984 439 nou
2008 395 2282 458 desiderare-

309 492 424 531 mus,
473 481 511 520 si
551 478 759 521 abesset.“
799 476 935 530 Quod
974 478 1204 534 requisivit
1241 477 1430 531 Ernest„
1460 481 1617 537 partic.
1655 479 1881 537 amplexus,
1910 482 1961 519 ut
1989 473 2106 517 nihil
2135 487 2283 538 supra,

309 557 512 614 praebet.
570 559 680 600 Tac.
709 560 965 613 saepissime
996 558 1235 612 participio
1275 557 1391 614 perf.
1429 556 1670 599 verborum
1711 557 2033 613 deponentium
2071 566 2178 594 usus
2217 557 2283 592 est

313 650 401 693 pro
430 642 545 692 part.
576 651 733 693 praes.;
764 650 899 693 quem
928 650 1060 675 usum
1083 636 1148 676 vis
1181 636 1514 692 exemplorum,
1553 635 1656 677 licet
1698 651 1920 692 perpauca
1959 641 2163 676 contorte
2202 630 2284 674 ali-

315 720 389 756 ter
419 714 637 771 explicari
668 718 854 772 possint,
887 712 1115 755 evidenter
1142 713 1369 769 probabit.
1428 716 1660 770 Amplexus
1690 714 1855 770 legitur
1884 713 2008 756 Ann.
2046 712 2077 762 I,
2107 712 2175 767 39.
2203 708 2283 752 IV.

315 791 386 834 42.
415 791 551 849 (Ptin.
579 792 686 835 Pau.
718 790 783 834 86.
814 792 1103 844 „Prosecutus
1135 794 1270 845 enim,
1299 808 1381 836 nec
1410 796 1670 850 temperasti
1699 793 1793 845 tibi,
1822 808 1910 851 quo
1940 795 2087 835 minus
2118 803 2286 832 exeun-

314 875 352 913 ti
380 874 431 913 in
465 871 597 913 litore
628 870 877 928 amplexus,
907 871 1109 912 osculum
1149 870 1330 917 ferres.“
1360 886 1492 930 quem
1522 871 1673 913 locum
1704 871 1874 928 Gierig,
1898 870 2037 913 'verae
2068 869 2287 912 Arnzenii

316 955 483 995 rationi
512 966 784 1008 repugnans,
814 954 1007 1007 pessime
1038 954 1382 1007 interpretatur,
1410 951 1582 1007 virgula
1608 958 1708 1006 post
1740 954 1955 1008 amplexus
1976 949 2164 991 delenda
2184 946 2284 1003 est.)

318 1035 561 1087 complexus
590 1028 874 1080 Ann.1‚‘40.
904 1029 983 1079 VI,
1017 1041 1079 1072 21.
1120 1028 1191 1071 46,
1229 1030 1298 1071 50.
1340 1030 1469 1080 XVI,
1510 1031 1578 1071 31.
1618 1038 1815 1086 precatus
1855 1030 2011 1071 Germ.
2059 1039 2122 1072 10.
2163 1026 2287 1069 Ann.

319 1107 402 1160 XI,
430 1108 499 1151 35.
529 1116 753 1151 cunctatus
780 1108 899 1150 Hist.
929 1107 960 1158 I,
989 1108 1056 1149 31.
1084 1107 1152 1149 34.
1183 1107 1254 1150 ΠΙ.
1287 1122 1354 1165 77.
1384 1108 1443 1150 A.
1473 1109 1524 1159 ΙΙ,
1553 1108 1620 1166 69.
1651 1111 1822 1151 locutus
1850 1109 1911 1150 H.
1939 1108 1991 1159 II,
2032 1107 2099 1150 80.
2134 1103 2290 1164 profe-

322 1195 413 1230 ctus
442 1187 504 1229 H.
526 1186 599 1238 111,
634 1199 696 1230 10.
710 1195 881 1243 questus
900 1187 965 1227 H.
987 1185 1065 1235 IV,
1096 1199 1136 1242 9.
1167 1200 1389 1242 perpessus
1417 1187 1479 1228 H.
1509 1186 1588 1237 IV,
1624 1201 1685 1243 ¹7·
1716 1189 2021 1243 interpretatus
2049 1185 2110 1227 H.
2141 1183 2200 1234 V,
2226 1182 2288 1225 13.

317 1256 553 1323 populatus
591 1265 653 1307 H.
682 1264 742 1316 V,
774 1265 839 1307 23.
872 1271 1042 1307 secutus
1073 1263 1133 1305 A.
1162 1264 1195 1316 I,
1225 1264 1293 1306 63.
1322 1265 1402 1314 IV,
1433 1265 1501 1320 57.
1543 1264 1663 1315 XIII,
1709 1277 1773 1308 20.
1815 1273 2012 1322 operatus
2051 1263 2111 1305 A.
2141 1262 2193 1313 II,
2227 1261 2289 1302 14.

320 1342 391 1395 ΠΙ,
418 1342 488 1385 43.
518 1349 780 1399 aspernatus
808 1342 870 1385 A.
901 1342 952 1393 II,
985 1341 1048 1383 28.
1080 1358 1187 1384 usus
1216 1341 1277 1384 A.
1307 1342 1357 1393 ΙΙ,
1385 1342 1453 1384 38.
1472 1340 1703 1399 praefatus
1732 1342 1791 1385 A.
1820 1343 1871 1394 Π,
1899 1343 1968 1385 48.
1998 1346 2193 1385 invectus
2229 1341 2289 1383 A.

327 1420 402 1473 VI,
433 1421 499 1463 24.
518 1422 782 1464 demoratus.
802 1420 861 1463 A.
892 1421 1002 1472 XV,
1032 1420 1100 1478 69.
1132 1423 1313 1463 adortus
1343 1420 1402 1465 A.
1433 1420 1542 1473 XV,
1570 1421 1640 1463 45.
1670 1421 1783 1478 Agr.
1816 1422 1880 1463 25.
1910 1446 1953 1453 -
1982 1418 2242 1463 Ramshorn
2257 1417 2290 1476 ξ.

326 1513 420 1556 171,
449 1500 483 1550 Ι,
511 1501 572 1542 Ν.
609 1516 644 1542 1.
673 1497 911 1542 Heindorf
936 1499 990 1540 ad
1021 1499 1136 1541 Hor.
1167 1500 1254 1542 Sat.
1285 1498 1316 1550 Ι,
1347 1497 1386 1550 6,
1417 1497 1484 1541 56.
1497 1523 1541 1531 --
1572 1499 1634 1541 Ut
1664 1500 1749 1541 alia
1774 1499 1921 1552 verba,
1950 1514 1987 1541 e.
2015 1515 2057 1556 g.
2078 1513 2292 1557 occupare,

324 1580 519 1631 obtinete,
554 1582 692 1637 potiri
719 1582 781 1621 sic
813 1580 1012 1636 amplecti
1042 1586 1086 1619 et
1114 1581 1466 1635 perpetuitatem
1497 1585 1539 1619 et
1569 1581 1748 1620 initium
1764 1582 1949 1620 actionis
1980 1578 2210 1634 significat,
2237 1584 2289 1618 ut

323 1665 531 1703 nostrum
569 1656 787 1714 umjassen
828 1665 893 1697 est
922 1657 1106 1708 umfasst
1138 1660 1284 1698 hatten
1315 1665 1359 1696 et
1390 1666 1473 1697 erst
1503 1657 1732 1711 umfassen.
1759 1681 1805 1689 -
1832 1657 1980 1707 Adde,
2009 1657 2129 1713 quod
2151 1659 2292 1712 parti-

324 1734 442 1792 cipio
469 1723 630 1790 praess
644 1747 971 1786 nonnunquam
995 1735 1130 1770 etiam
1154 1738 1350 1780 conatus,
1368 1739 1605 1787 apparatus
1629 1733 1794 1787 agendi
1815 1737 2096 1789 exprimitur.
2155 1732 2291 1783 Rath,

323 1813 378 1857 de
408 1826 549 1869 gram.
579 1814 624 1852 et
653 1805 769 1850 rhet.
800 1806 909 1849 eloc.
940 1805 1076 1849 Rom.
1106 1808 1358 1864 praeceptis
1396 1820 1456 1863 p.¹
1478 1804 1568 1848 162.
1607 1807 1773 1849 Sanctii
1801 1810 1916 1850 Min.
1954 1811 2021 1851 ed.
2059 1811 2222 1853 Baueri
2261 1811 2293 1864 1,

322 1907 368 1950 p.
404 1879 497 1933 155.

437 1967 552 2013 Eod.
579 1964 787 2009 lococod.
806 1964 911 2007 Vat.
942 1972 985 2009 et
1015 1965 1114 2008 edd.
1145 1973 1249 2009 vett.
1269 1973 1524 2010 constanter
1540 1966 1708 2009 habent
1737 1968 1902 2011 hostilis
1921 1971 2143 2019 exercitus,
2171 1967 2292 2026 quod

323 2048 439 2093 male
471 2045 675 2090 defendit
705 2043 908 2087 Dronke.
940 2044 1111 2087 dicens:
1141 2047 1189 2095 „h
1210 2047 1331 2088 ..stills
1365 2049 1571 2089 exercitus
1602 2049 1754 2090 itinera
1792 2050 1820 2088 i.
1850 2050 2165 2102 irruptionem,
2202 2050 2292 2088 sive

324 2131 446 2186 ipsos
478 2124 641 2177 hostes,
657 2126 734 2182 qui
755 2123 986 2166 Romanos
1016 2122 1166 2166 infesti
1197 2132 1325 2167 erant
1355 2129 1645 2182 aggressuri.“
1701 2126 1802 2167 Iure
1832 2129 2077 2181 interrogat
2097 2125 2292 2167 Becker:

326 2208 404 2264 qui
434 2207 555 2247 enim
584 2203 685 2246 fieri
712 2205 941 2261 potuisset,
968 2208 1019 2244 ut
1049 2201 1144 2245 dux
1172 2203 1344 2262 aliquiS,
1374 2203 1494 2246 ultro
1537 2202 1739 2246 hostibus
1778 2203 1948 2246 bellum
1989 2202 2201 2255 infereus,
2235 2206 2293 2245 ti-

323 2291 480 2335 meret,
508 2296 567 2324 ne
607 2285 694 2322 iter
732 2295 863 2322 suum
892 2283 940 2322 in
969 2279 1167 2323 frontem
1205 2281 1259 2323 ab
1290 2280 1445 2323 hostili
1485 2285 1686 2325 exercitu
1725 2280 1939 2324 infestum
1977 2279 2293 2326 redderetur?“

323 2362 549 2422 Equidem
586 2360 714 2403 valde
752 2360 908 2401 dubito
949 2375 1006 2402 an
1045 2375 1232 2418 usquam
1261 2362 1739 2420 scriptores·Romani
1778 2364 1955 2419 agmina
1995 2361 2291 2404 barbarorum

325 2444 562 2485 exercitum
590 2442 804 2483 vocarint.
840 2439 990 2490 Quam
1019 2438 1076 2479 ob
1106 2454 1303 2481 caussam
1334 2446 1377 2480 et
1406 2440 1581 2499 vulgata
1609 2440 1821 2483 Rhenani
1848 2440 1982 2483 lectio
2013 2442 2157 2486 hostili
2175 2455 2293 2485 exer-

328 2524 430 2570 citu,
458 2522 507 2570 si,
543 2525 594 2558 ut
622 2517 757 2574 vngO
787 2516 851 2568 fit,
878 2532 965 2574 pro
990 2518 1177 2560 ablativo
1198 2516 1361 2577 accip‘is
1379 2534 1544 2573 casum,
1566 2518 1856 2563 vehementer
1873 2520 2092 2582 displicet.
2121 2521 2292 2563 Becke-

326 2605 368 2644 ri
397 2600 653 2656 conjecturo
697 2600 891 2641 hostibus
930 2602 1134 2640 exercitus
1172 2602 1345 2640 nemini
1374 2602 1599 2641 arridebit.
1657 2604 1856 2651 „Itium-a,
1893 2604 2053 2656 inquit,
2088 2599 2163 2638 hic
2189 2608 2293 2641 sunt

326 2681 435 2731 viae,
461 2692 569 2736 quas
600 2678 824 2720 exercitus
852 2675 943 2731 jam
973 2691 1176 2721 emensus
1207 2683 1312 2722 est.“
1369 2677 1468 2722 Vix
1507 2695 1560 2721 ac
1590 2695 1647 2721 ne
1686 2684 1764 2723 vix
1792 2678 1974 2735 quidem
2005 2677 2101 2719 hoc
2145 2680 2291 2721 verbis

328 2758 536 2802 exercitus
574 2756 727 2800 itinera
756 2757 1055 2816 exprimitur3
1090 2772 1232 2818 porro
1273 2763 1322 2802 et
1360 2757 1556 2807 hostibus
1590 2766 1636 2804 et
1666 2757 1895 2817 vulgatum
1932 2759 2074 2803 hostili
2111 2763 2293 2803 exercitu
