2574 3443
989 58 1187 134 'g—
1250 74 1317 123 3ο
1386 93 1457 119 -,-

259 222 308 253 sa
335 214 382 253 et
407 219 618 264 magnam
644 205 909 264 patrimonii
935 209 1114 262 partem
1142 202 1334 263 diripuit
1362 203 1467 251 τευ*
1494 210 1540 249 et
1568 215 1679 263 quae
1708 202 1971 261 supradixi
1999 203 2057 250 sd
2074 219 2111 251 c.
2129 205 2170 251 6.
2189 207 2242 257 ἐξ

261 275 494 335 Equidem·
531 272 776 316 ablativum
814 271 952 321 absol.
981 270 1089 328 filia
1118 279 1250 329 atque
1294 288 1426 316 uxore
1473 274 1771 332 superstitibus
1817 286 2096 331 concoquere
2142 288 2238 321 non

259 356 457 402 possum,
483 355 576 383 non
609 340 755 397 video,
784 353 871 397 qua
893 341 1073 381 ratione
1104 351 1210 383 cum
1239 339 1527 398 sequentibus
1557 339 1802 383 cohaereat.
1872 339 2084 391 Caussam
2114 345 2241 388 enim

261 413 397 454 totius
427 411 745 453 enuntiationis
773 416 927 466 potest,
947 409 1088 449 videri
1118 407 1271 450 beatus
1290 406 1461 464 futura
1490 407 1695 466 effugisse
1739 422 1834 450 non
1874 399 2073 451 c'ontinet
2109 405 2244 451 suffia

262 482 483 530 cientem3
510 492 624 519 num
654 480 691 518 si
720 476 811 518 filia
841 484 971 532 atque
999 488 1118 515 uxor
1143 470 1241 518 non
1270 468 1531 532 superstites
1559 467 1760 529 fuissent,
1777 489 1871 519 non
1886 477 2105 533 potuisset
2132 474 2239 518 bea-

262 551 334 589 tus
363 544 510 589 videri
532 546 700 598 futura
733 540 974 600 effugisse?
1004 541 1050 583 Si
1080 541 1192 583 Tac.
1226 541 1338 583 hanc
1367 555 1466 584 rem
1502 548 1553 584 ut
1593 557 1789 585 caussam
1828 542 2035 599 proferre
2072 542 2239 588 voluis-,-

263 620 342 666 set,
371 628 453 657 cur
482 614 668 656 omnino
688 615 835 655 beatus
849 612 993 653 uideri
1020 615 1173 666 posset
1201 608 1430 667 Agricola,
1458 617 1557 652 tum
1586 611 1795 669 ponenda
1824 615 1866 653 ei
1905 608 2093 653 fuissent
2125 607 2238 651 haec

262 681 398 725 verba
425 678 553 735 juxta
591 681 797 738 reliquas,
838 694 944 736 quas
984 676 1115 720 affert
1155 692 1339 729 caussas,
1380 682 1578 723 incolumi
1620 683 1839 736 dignitate,
1879 681 2068 733 florente
2098 676 2239 736 fama,

264 752 402 794 salvis
441 747 740 806 affinitatibus
769 755 808 789 et
837 749 1041 789 amicitiis
1097 745 1238 788 Nulla
1266 746 1422 788 similis
1453 750 1810 790 enuntiationum
1851 747 2086 790 collocatio
2124 745 2240 790 mihi

264 820 442 875 cognita
471 823 536 858 est
567 815 687 873 apud
717 815 944 859 Tacitum.
1002 814 1111 856 Non
1140 828 1326 871 possum
1354 829 1447 855 non
1475 828 1733 872 proponere
1773 818 1822 858 in
1861 814 2075 866 medium,
2105 829 2240 872 quam

263 884 407 927 habeo
424 886 739 941 suspicionem,
760 884 972 925 Tacitum
1001 884 1230 937 scripsisse
1259 886 1476 939 speciosae
1504 887 1770 941 contigerant
1791 885 1922 938 filiae
1953 891 2085 940 atque
2115 884 2240 926 uxori

264 954 577 1010 superstitibus.
607 951 732 993 Tum
754 952 904 992 omnia
933 949 1067 1005 plana
1090 956 1208 1000 sunt,
1239 957 1282 991 et
1294 950 1456 992 Dionis
1485 954 1791 993 testimonium
1820 965 1990 1002 verum,
2019 952 2101 992 etsi
2129 964 2242 1007 pau-

264 1012 358 1064 lulo
388 1026 584 1062 auctum.
641 1017 808 1061 Verbis
840 1019 989 1074 opibus
1020 1018 1160 1060 nimiis
1180 1032 1268 1060 non
1280 1021 1523 1074 gaudebant
1546 1019 1689 1061 Tacit.
1718 1018 1883 1060 leniter
1909 1019 2089 1071 indicat,
2116 1032 2242 1061 soce-

264 1103 369 1135 rum
397 1091 446 1130 in
474 1093 739 1146 paupertate
771 1085 895 1143 (non
926 1083 1148 1143 egestate)
1180 1088 1354 1138 vixisse,
1384 1093 1503 1129 certe
1534 1090 1747 1130 extremis
1775 1091 1889 1131 vitae
1919 1090 2058 1132 annis.
2088 1084 2241 1144 (C.42.

265 1157 511 1208 „Salarium
543 1162 708 1206 tamen,
737 1153 1048 1212 proconsulari
1080 1152 1264 1196 solitum
1295 1153 1463 1206 offerri,
1493 1162 1536 1196 et
1566 1155 1831 1213 quibusdam
1870 1169 1894 1197 a
1928 1169 1975 1197 se
2006 1158 2104 1213 ipso
2135 1168 2244 1196 con-

267 1240 453 1276 cessum,
481 1222 725 1281 Agricolae
756 1238 850 1264 non
880 1220 1069 1278 dediw)
1099 1220 1166 1263 At
1196 1235 1303 1265 vero
1332 1222 1439 1266 licet
1468 1226 1562 1280 ipse
1594 1223 1754 1282 opibus
1782 1226 1933 1266 nimiis
1952 1238 2046 1265 non
2070 1225 2243 1280 gavisus

265 1297 334 1346 sit,
362 1307 515 1356 nonne
545 1292 760 1335 sollicitus
791 1305 883 1332 esse
914 1289 1067 1331 debuit
1099 1289 1154 1330 de
1183 1304 1329 1332 uxore
1360 1297 1403 1332 et
1443 1289 1535 1333 filia
1574 1292 1921 1349 superstitibus?
1948 1293 2083 1336 Hanc
2113 1290 2246 1333 dubi-

264 1354 482 1406 tationem
501 1356 809 1417 'occupaturus
843 1358 950 1401 dicit
981 1357 1112 1400 Tac:
1142 1360 1363 1416 speciosae
1391 1362 1665 1416 contigerant
1684 1360 1816 1420 filiae
1843 1370 1968 1420 atque
2016 1362 2144 1404 uxori
2171 1373 2245 1404 su-

262 1431 524 1490 perstitibus,
553 1427 621 1470 illi
648 1441 734 1486 per
764 1429 1116 1488 matrimonium,
1145 1426 1266 1484 quod
1297 1430 1337 1468 ei
1367 1442 1471 1469 cum
1501 1429 1661 1470 Tacito
1697 1437 1853 1472 nostro
1894 1436 2001 1482 erat,
2037 1428 2155 1482 huic,
2194 1435 2245 1471 ut
2299 1472 2316 1482 ,

264 1498 436 1550 viduae,
463 1512 618 1555 pauca,
646 1510 758 1554 quae
787 1497 974 1554 maritus
1004 1494 1242 1536 relicturus
1281 1502 1388 1547 erat,
1427 1498 1629 1553 speciosa
1669 1504 1819 1551 erant3
1858 1497 1951 1551 vel,
1991 1497 2113 1557 quod
2150 1499 2246 1540 veri

265 1565 457 1610 similius
486 1564 600 1607 mihi
629 1564 821 1614 videtur,
847 1577 932 1620 per
961 1562 1084 1604 idem
1112 1565 1456 1606 matrimonium
1486 1568 1712 1621 speciosae
1753 1569 1793 1607 ci
1836 1572 1962 1607 erant
1991 1580 2123 1622 opes3
2154 1566 2247 1611 Ta-

265 1637 379 1689 citus
408 1631 531 1673 haud
570 1631 705 1672 dubie
744 1644 926 1671 socrum
965 1635 1289 1668 sustentaturus
1328 1638 1434 1681 erat,
1473 1633 1594 1685 quod
1630 1631 1707 1673 hic
1736 1633 1924 1676 indicari
1953 1633 2172 1676 modestia
2201 1640 2246 1675 et

263 1697 534 1745 verecundia
560 1709 656 1738 non
684 1695 897 1736 siverunt.
957 1691 1083 1744 Quae
1115 1703 1266 1731 caussa
1294 1693 1411 1733 mihi
1443 1709 1537 1735 esse
1566 1696 1755 1747 videtur,
1784 1713 1865 1741 cur
1884 1698 2009 1756 filiae
2026 1703 2124 1743 voci
2144 1714 2248 1744 πο-

264 1773 305 1813 ri
322 1765 654 1829 ¹anteposuerit,
683 1760 805 1819 quod
834 1758 1041 1802 videlice-t
1070 1756 1163 1799 filia
1191 1760 1340 1814 prima
1370 1761 1521 1801 animo
1551 1760 1783 1804 obversata
1812 1772 1890 1806 est.
1949 1768 2085 1818 Quod
2113 1784 2248 1827 supra

266 1852 306 1882 c..
333 1836 406 1879 43.
434 1838 600 1883 narrat,
623 1830 938 1873 Domitianum
979 1824 1279 1867 cohaeredem
1308 1830 1528 1883 scriptum
1570 1842 1662 1871 esse
1692 1829 1747 1871 ab
1776 1830 2006 1887 Agricola,
2044 1849 2137 1878 non
2175 1851 2249 1879 re-

264 1909 453 1964 pugnat.
480 1901 690 1955 Namque
709 1893 844 1937 esiam
873 1906 1095 1951 pauperes
1124 1893 1174 1933 id
1202 1891 1408 1935 fecerunt
1438 1893 1625 1937 honoris
1647 1896 1717 1939 vel
1739 1902 1903 1941 rectius
1924 1903 2101 1944 timoris
2123 1918 2249 1946 caus-

267 1987 314 2016 sa
351 1984 438 2030 pro
475 1971 565 2010 suis
594 1961 920 2020 superstitibus.
978 1959 1086 2003 Vid.
1117 1959 1236 2002 Suet.
1266 1958 1387 2016 Aug.
1417 1958 1484 2003 66.
1514 1961 1651 2007 Dom.
1681 1978 1720 2022 9.
1750 1965 1947 2023 „(Jnter
1983 1969 2139 2027 initia)
2177 1986 2250 2014 re-

265 2041 392 2084 lictas
412 2037 496 2079 sibi
515 2033 785 2077 hereditates
803 2031 935 2081 abiis,
957 2027 1117 2086 quibus
1146 2026 1278 2070 liberi
1308 2034 1447 2082 erant,
1473 2043 1567 2072 non
1580 2034 1841 2090 recepit.“-·
1869 2034 1942 2077 Ne
1960 2041 2248 2082 temerarium

266 2121 342 2153 me
372 2105 529 2159 ducas3
556 2105 605 2145 in
633 2107 762 2143 textu
791 2097 907 2141 nihil
937 2098 1166 2138 mutarim.

914 2262 1597 2342 Corrigenda.

784 2375 870 2419 pag,
898 2387 921 2410 2
944 2376 1074 2411 lin.52,
1098 2387 1164 2419 pro
1191 2380 1300 2409 esse.“
1322 2380 1459 2412 Enituit
1480 2378 1560 2419 lege
1588 2388 1674 2414 esse.
1698 2376 1870 2418 „Battum

815 2439 862 2448 -
909 2426 943 2461 4.
966 2440 986 2447 -
1012 2434 1070 2468 29.
1102 2441 1147 2448 --
1187 2424 1305 2467 primo
1469 2439 1536 2447 --
1582 2423 1753 2468 primum.

815 2485 861 2493 --
904 2468 937 2502 6.
962 2486 984 2492 —
1011 2480 1024 2504 ι
1054 2493 1064 2503 .
1096 2487 1142 2494 --
1165 2470 1387 2511 nagiantihus
1467 2488 1534 2507 -,-
1581 2471 1832 2512 flagitantibus.

814 2532 860 2540 --
907 2524 1066 2561 7,-2.
1098 2514 1258 2550 —fiunt
1465 2533 1531 2541 --
1580 2516 1660 2553 fuit.

817 2576 861 2585 -—
889 2572 942 2598 υ.
967 2579 988 2585 -
1015 2572 1068 2602 27.
1094 2581 1137 2586 --
1163 2563 1201 2594 di
1465 2581 1533 2587 —--
1580 2564 1637 2595 de.

820 2625 864 2632 -
891 2616 942 2648 13.
968 2625 990 2632 -
1014 2604 1070 2640 23.
1096 2625 1142 2633 --·
1167 2609 1433 2641 cetnriones
1470 2624 1537 2633 --
1584 2608 1894 2642 centurione..

814 2670 861 2678 —
888 2652 940 2690 16,
964 2671 985 2678 -
1011 2664 1067 2696 31.
1090 2673 1136 2680 --
1164 2655 1238 2687 ultr
1468 2672 1535 2681 --
1584 2655 1691 2687 ultra.

817 2717 868 2748 --x
887 2717 931 2724 --
960 2719 981 2725 -
1006 2700 1062 2737 33.
1090 2720 1133 2726 -
1158 2698 1392 2741 rettisnerjuit
1466 2719 1533 2727 --
1580 2699 1658 2741 jure
1691 2700 1854 2739 restituit,

817 2763 864 2771 —-
880 2755 937 2778 zo.
956 2764 978 2771 —
1030 2756 1063 2788 3,
1089 2766 1132 2773 -—
1161 2747 1199 2780 di
1465 2765 1531 2772 --—
1578 2747 1625 2783 id.

1049 2836 1404 2861 m
