2574 3443
1136 150 1436 200 ...6-

297 286 379 338 tio,
395 287 434 328 si
453 285 565 338 Tac.
585 284 784 327 dixissen
811 285 900 325 nisi
917 282 1038 340 quod
1056 283 1175 336 bona
1194 296 1315 325 uxor
1332 289 1461 350 tanto
1475 281 1654 336 melior,
1674 289 1846 342 quanto
1865 259 2280 342 &dumiense-'-

299 363 427 408 Num
451 362 579 414 forte,
598 377 659 406 ex
686 365 755 416 iis,
783 375 897 422 quae
926 360 1137 405 hactenus
1168 359 1266 404 dixi
1292 366 1458 416 omnia,
1486 363 1709 421 sequitur,
1745 373 1853 405 vere
1882 359 2057 405 dictum
2097 375 2192 407 ease
2221 362 2281 409 ab

299 441 528 489 Ernestioz
585 441 701 495 „Sed
737 449 804 486 est
832 441 944 486 haec
973 441 1188 486 sententia
1221 455 1282 486 ex
1312 455 1365 486 eo
1394 454 1572 500 genere,
1602 437 1725 501 quod
1753 436 1884 484 facile
1922 440 1972 483 in
1999 442 2144 486 varias
2171 455 2280 502 par-

297 527 366 565 tes
403 520 526 565 trahi
559 522 903 581 interpretando
940 528 1101 580 potest,
1128 527 1179 562 ut
1209 519 1395 565 difficile
1423 524 1494 576 sit,
1522 517 1694 580 aliquid
1734 522 1846 562 certi
1874 520 2154 579 reperirem?
2190 525 2281 565 mi.

298 603 424 645 nime
452 603 671 660 gentium.
729 603 947 646 Lectores
977 599 1159 660 quidem
1189 601 1463 659 aliquamdiu
1502 601 1691 645 haerere
1721 606 1922 660 possunt,
1949 613 2107 658 verum
2137 603 2282 660 scrip-

269 721 273 725 .
298 683 388 735 tor,
417 680 640 740 siquidem
667 678 812 723 bonus
843 686 921 732 est,
956 687 1007 721 ut
1037 685 1102 721 est
1130 687 1297 734 noster,
1326 695 1508 740 semper
1548 679 1717 740 aliquid
1744 682 1858 723 certi
1897 680 2107 737 cogitavit
2146 685 2282 738 atque

301 763 561 803 enuntiavit.
590 783 658 794 -ο-
685 758 1001 802 Adhibeamus
1035 764 1188 799 nostro
1220 758 1321 801 loco
1363 774 1423 802 ex
1451 756 1768 803 mathematica
1806 761 2062 802 doctrinam
2103 760 2280 816 magni·-

298 841 511 884 tudinum
541 843 852 897 oppositarum
881 831 952 881 vel
990 852 1048 880 ex
1075 835 1366 897 philosophia
1404 848 1587 882 naturae
1614 840 1885 897 polaritatis,
1925 856 2062 898 quam
2103 846 2278 891 vocant,

300 919 463 979 legem,
491 925 536 962 et
564 917 663 960 luce
694 916 949 976 splendebit
978 916 1234 962 clarissima.
1294 920 1468 962 Natura
1509 924 1565 973 et,
1593 933 1706 978 quae
1747 926 1950 962 accurate
1984 922 2150 978 pieque
2167 905 2282 963 ,eam

302 997 582 1059 sequebatur,
609 998 848 1055 antiquitas
877 995 1051 1040 nullam
1079 1012 1104 1039 a
1132 995 1314 1040 feminis
1351 998 1639 1057 postularunt
1668 1000 1859 1052 virium,
1887 1013 1995 1058 quas
2028 998 2281 1042 mediocres

302 1077 509 1129 habeant,
539 1078 894 1128 contentionem,
925 1091 1010 1134 qua
1040 1083 1084 1118 et
1113 1075 1169 1118 ad
1199 1080 1417 1121 virtutem
1447 1086 1490 1120 et
1531 1077 1588 1121 ad
1612 1081 1719 1121 vitia
1752 1077 1989 1135 prodenda
2028 1092 2141 1136 opus
2191 1085 2283 1133 est3

302 1163 518 1205 virtutem
548 1156 597 1216 (a
625 1154 742 1214 viro)
773 1169 868 1198 non
896 1155 1193 1213 postularunt,
1221 1159 1327 1201 vitia
1356 1172 1450 1201 non
1477 1159 1797 1216 permiserunt.
1833 1158 1881 1202 Si
1909 1155 2081 1201 bonum
2112 1163 2157 1200 et
2183 1171 2284 1202 ma-

302 1241 402 1282 lum
430 1270 444 1290 ,
469 1241 685 1281 virtutem
715 1240 760 1275 et
786 1238 906 1285 vitia,
940 1242 1154 1292 tanquam
1187 1235 1319 1292 polos
1360 1241 1606 1294 oppositos,
1635 1241 1712 1294 qui
1741 1251 1792 1279 re
1822 1250 1930 1279 vera
1966 1243 2083 1288 sunt,
2112 1239 2281 1294 cogita-

301 1331 417 1369 mus,
444 1306 625 1358 feminis
654 1312 857 1356 medium
885 1314 1125 1379 intereos,
1152 1321 1378 1369 punctum
1408 1314 1757 1369 indifferentiae,
1785 1313 1907 1373 quod
1943 1321 2117 1367 vocant,
2144 1317 2282 1372 assig-

302 1402 461 1441 natum
490 1398 568 1436 est.
619 1391 727 1436 Viri
755 1397 906 1434 autem
935 1389 993 1434 ad
1022 1390 1247 1448 agendum
1276 1397 1384 1448 nati,
1428 1396 1479 1437 in
1506 1394 1587 1438 illo
1616 1393 1769 1438 medio
1798 1401 1915 1436 stare
1945 1407 2040 1436 non
2079 1401 2284 1451 possunt,

301 1487 448 1535 neque
494 1471 672 1515 debent.
728 1471 955 1529 Perpetuo
994 1469 1249 1516 multorum
1296 1470 1540 1518 hominum
1576 1487 1676 1527 usu,
1712 1476 1998 1526 commercio,
2036 1476 2283 1516 certamine

302 1555 535 1616 implicati,
561 1549 807 1606 majoribus
845 1558 889 1593 et
918 1553 1121 1610 corporis
1151 1559 1196 1594 et
1224 1553 1364 1596 animi
1392 1553 1579 1607 viribus,
1608 1567 1833 1613 campum,
1861 1554 1910 1596 in
1939 1568 2032 1612 quo
2072 1567 2118 1597 se
2148 1568 2283 1598 exer-

306 1643 448 1687 ceant,
474 1631 772 1689 flagiantibus,
797 1638 960 1673 natura
987 1635 1208 1683 instructi,
1230 1639 1284 1673 ut
1313 1631 1526 1688 cujusque
1556 1641 1624 1674 est
1651 1632 1850 1682 indoles,
1887 1632 2086 1684 fortuna,
2121 1635 2284 1677 volun-

303 1723 384 1770 tas,
412 1711 488 1758 alii
526 1710 701 1764 dextra,
739 1708 815 1752 alii
844 1709 1034 1761 sinistra,
1062 1706 1137 1750 alii
1163 1705 1304 1751 modo
1334 1705 1495 1751 dextra
1521 1706 1660 1751 modo
1690 1712 1867 1754 sinistro.
1899 1708 1955 1753 de
1983 1708 2064 1753 illo
2100 1711 2285 1756 indiffe-

302 1793 472 1839 rentiae
499 1792 670 1847 puncto
700 1784 937 1826 declinant.
997 1785 1147 1826 Uxori
1174 1784 1326 1838 igitur,
1355 1800 1480 1841 quae,
1508 1786 1663 1830 medio
1691 1787 1863 1841 relicto,
1891 1787 1949 1832 ad
1978 1789 2172 1834 eundem
2190 1796 2285 1835 vir-i

303 1875 422 1925 tutis*
442 1865 655 1926 gradum,
694 1860 752 1904 ad
779 1876 916 1919 quem
942 1863 1151 1911 max-itm,
1185 1863 1407 1917 pervenit,
1443 1862 1590 1918 major
1618 1863 1861 1906 tribuenda
1891 1873 1957 1906 est
1985 1867 2101 1921 laus,
2130 1879 2286 1927 quum,

305 1946 429 2011 quod
455 1942 677 2011 postulari
703 1954 799 1983 non
825 1943 991 1998 potest,
1017 1945 1235 1997 praestet3
1263 1940 1313 1981 in
1340 1936 1512 1983 femina
1542 1949 1729 1996 contra,
1763 1957 1897 2001 quae,
1924 1944 2076 1987 modio
2115 1947 2286 2005 relicto,

304 2029 362 2074 ad
400 2023 597 2070 eundem
625 2021 840 2065 vitiorum
868 2016 1074 2076 gradum,
1101 2017 1155 2062 ad
1185 2030 1322 2077 quem
1360 2023 1443 2073 vir,
1471 2018 1705 2077 aberravit,
1740 2022 1844 2080 plus
1884 2021 2043 2080 culpae
2085 2034 2176 2080 est,
2213 2032 2286 2071 ni-

305 2111 476 2154 mirum
504 2106 556 2146 in
582 2100 763 2144 seminis
792 2112 887 2140 non
917 2111 982 2151 ea,
1020 2112 1133 2156 quae
1159 2100 1208 2140 in
1237 2100 1358 2151 viris,
1395 2097 1671 2145 admittenda
1717 2107 1785 2144 est
1821 2104 2064 2146 excusatio.
2142 2104 2285 2163 Agri-

307 2186 406 2231 cola
431 2170 572 2242 igitur
599 2183 646 2222 et
663 2177 867 2222 Domitia
882 2178 1055 2234 pariter
1082 2175 1188 2220 boni
1207 2174 1406 2230 fuerunt,
1432 2176 1513 2221 sed
1540 2185 1665 2224 tanto
1694 2180 1841 2237 major
1868 2180 1964 2224 laus
1993 2182 2043 2223 in
2063 2166 2284 2238 Domiiia,

307 2270 474 2325 quanto
504 2260 607 2318 plus
637 2254 796 2314 culpae
824 2256 874 2298 in
900 2253 1085 2310 femina,
1112 2270 1222 2314 quae
1250 2259 1423 2314 pariter
1450 2255 1569 2302 mala
1598 2266 1666 2301 est
1696 2274 1748 2302 ac
1775 2258 1920 2303 malus
1949 2263 2152 2307 maritus.
2208 2264 2281 2307 Sic

303 2344 429 2391 Ann.
457 2339 570 2385 XV.
599 2335 670 2381 63.
699 2335 867 2379 Seneca
893 2337 1054 2379 uxori:
1080 2334 1169 2389 „Sit
1195 2334 1331 2392 hujus
1358 2341 1454 2381 tam
1482 2334 1612 2382 fortis
1654 2341 1802 2384 exitus
1842 2342 2091 2384 constantia
2128 2353 2270 2429 penes

303 2430 516 2481 utrosque
544 2431 643 2478 par,
672 2413 953 2478 claritudinis
982 2412 1085 2471 plus
1114 2417 1161 2459 in
1186 2422 1268 2460 tuo
1298 2414 1400 2458 fine.
1406 2431 1433 2459 η

359 2593 476 2640 Eod.
505 2607 602 2653 cap.
658 2593 807 2637 Ludos
834 2598 876 2634 et
901 2593 1054 2634 inania
1083 2589 1258 2637 honoris
1276 2591 1593 2638 moderationis
1622 2602 1748 2652 atque
1776 2598 2068 2640 abundantiae
2095 2596 2227 2652 duxit,

805 2675 874 2716 uti
903 2675 1030 2728 longe
1061 2687 1087 2716 a
1116 2675 1290 2718 luxuria
1318 2676 1381 2717 ita
1402 2675 1552 2727 famae
1576 2676 1775 2732 propior.

421 2809 532 2856 cod.
560 2808 670 2854 Vlt.
699 2807 886 2852 exhibet
914 2811 1051 2853 medio
1081 2813 1271 2863 rosiensis,
1300 2809 1400 2854 edd.
1429 2816 1533 2854 vett.
1562 2799 1687 2854 modo
1716 2810 1921 2864 rationis-3
1949 2817 2163 2855 neutrum
2191 2818 2280 2857 uri-⁴
