2574 3443
365 272 491 312 einer
517 268 688 324 Ellipse
727 292 774 301 -
809 268 1044 310 ansreichf.
1117 266 1228 309 Tale
1270 267 1587 324 argumentum
1623 273 1777 326 utique
1818 267 2091 311 audiendum
2122 276 2200 314 est.
2230 268 2339 329 („At

362 349 577 387 nimirum
617 350 665 387 in
696 361 749 388 eo
778 345 1000 403 philologi
1029 348 1152 403 quasi
1181 345 1237 385 de
1267 346 1486 389 industria
1509 356 1716 403 peccant,
1766 348 1885 405 quod
1921 361 2065 404 neque
2111 348 2215 390 alias
2254 348 2343 391 lin-

363 438 470 480 guas
509 423 566 465 ad
596 423 950 480 explicationem
988 423 1225 474 adhibent,
1266 439 1412 482 neque
1453 426 1561 483 quid
1613 430 1796 467 omnino
1837 425 2093 482 linguarum
2130 429 2245 466 ratio
2286 441 2336 468 ac

362 509 523 546 natura
558 495 772 561 postulet,
811 505 1056 559 cogitant.“
1121 501 1282 544 Herm.
1328 503 1384 544 ad
1425 503 1531 559 Vig.
1571 518 1615 560 p.
1658 503 1785 560 873.)
1861 505 1969 546 Non
2007 504 2120 553 dico,
2159 504 2337 548 easdem

365 581 542 639 ellipses
572 584 620 622 in
650 581 857 623 omnibus
888 581 1052 637 linguis
1082 588 1285 636 receptas
1315 589 1446 638 atque
1476 585 1657 624 usitatas
1690 597 1806 633 esse,
1836 581 1948 623 illud
1968 597 2074 625 vero
2098 584 2335 637 contendo,

364 675 458 702 non
486 660 584 714 jure
616 660 703 701 dici
734 675 864 717 posse
896 674 999 701 cum
1030 659 1238 701 Dronkio
1270 659 1326 700 ad
1355 658 1400 701 h.
1432 659 1482 711 1.,
1522 675 1661 717 genus
1702 661 1926 718 quoddam
1972 660 2138 718 ellipsis
2181 669 2336 706 contra

363 743 501 782 animi
529 739 649 794 leges
681 745 724 778 et
755 742 940 778 omnino
973 734 1159 793 ἄλογον
1191 751 1306 788 esse,
1337 739 1458 795 quod
1490 742 1536 780 in
1578 754 1839 796 quacunque
1871 740 1954 781 alia
1982 738 2131 796 lingua
2154 730 2336 798 pervul-

363 824 517 876 gatum
546 820 626 868 sit3
657 816 864 856 omnibus
895 816 1058 869 linguis
1091 816 1274 858 eaedem
1305 825 1408 858 suut
1438 819 1575 857 animi
1616 817 1748 871 leges,
1788 841 1832 848 --
1862 818 2061 859 Tantum
2102 819 2246 869 abest,
2285 826 2336 859 ut.

364 903 518 937 contra
548 898 684 935 animi
712 895 834 949 leges
866 898 921 935 sit
948 895 1208 946 hujusmodi
1232 896 1417 950 ellipsis,
1446 902 1496 935 ut
1525 894 1639 936 nihil
1661 894 1879 950 vulgatius
1910 897 1965 936 sit
1996 893 2115 952 apud
2140 898 2334 952 optimos

361 977 614 1029 scriptores,
672 971 909 1015 Heindorf
933 973 989 1014 ad
1020 973 1111 1015 Cic.
1141 974 1199 1015 N.
1231 972 1290 1015 D.
1321 974 1392 1025 ΙΙΙ,
1423 986 1460 1015 2.
1491 973 1734 1015 adnotavit:
1764 986 1932 1031 „neque
1961 970 2045 1014 hac
2076 972 2146 1014 vel
2174 971 2335 1028 facien-

361 1054 405 1095 di
432 1051 503 1095 vel
535 1053 703 1093 dicendi
732 1050 976 1094 verborum
1006 1054 1399 1109 praetermissione
1430 1051 1707 1109 frequentius
1739 1059 1803 1093 est.
1834 1054 2071 1109 quicquam
2102 1060 2222 1108 apud
2252 1067 2334 1111 op·-

360 1134 526 1173 timum
557 1143 777 1187 quemque
808 1132 1121 1187 scriptorem.“
1179 1130 1245 1173 Ut
1274 1134 1432 1173 tacitus
1462 1138 1741 1187 praeteream
1772 1133 2050 1170 notissimam
2089 1129 2333 1173 formulam

361 1213 470 1254 nihil
500 1212 621 1253 aliud
650 1223 786 1265 quam,
816 1208 973 1266 delego
1004 1216 1049 1264 te
1079 1209 1134 1251 ad
1164 1210 1320 1252 Germ.
1366 1223 1429 1267 19.
1462 1210 1649 1261 „Melius
1680 1209 1861 1266 quidem
1892 1207 2038 1249 adhuc
2075 1223 2150 1249 eae
2182 1213 2334 1251 civita-

359 1295 425 1330 tes
453 1286 612 1346 (aguut
624 1286 680 1344 ).“
709 1287 827 1329 Hist.
858 1288 889 1338 I,
927 1299 987 1331 10.
1019 1288 1188 1344 „palam
1218 1288 1373 1345 (facta)
1402 1289 1616 1337 laudares,
1647 1296 1813 1328 secreta
1832 1288 1948 1327 male
1970 1288 2244 1329 audiebant.“
2273 1290 2333 1333 ib.

361 1370 428 1412 84.
457 1368 578 1420 „Vos
609 1366 791 1424 quidem
820 1366 939 1407 istud
980 1382 1066 1423 pro
1096 1381 1169 1408 me
1210 1365 1404 1423 (fecistis
1418 1365 1472 1424 >.“
1521 1366 1646 1409 Ann.
1687 1366 1716 1415 Ι,
1750 1366 1816 1422 74.
1858 1380 1939 1417 „ex
1968 1366 2241 1423 pauperibus
2265 1368 2334 1409 di-

359 1451 469 1489 vites
508 1444 716 1503 (facti).“
758 1446 871 1501 Agr.
905 1459 972 1500 27.
1024 1445 1115 1496 „At
1153 1446 1364 1487 Britanni
1401 1461 1495 1487 non
1535 1449 1722 1495 virtute,
1764 1444 1841 1486 sed
1883 1447 2111 1486 accasione
2154 1452 2197 1486 et
2236 1453 2330 1489 arte

361 1524 484 1568 ducis
524 1521 748 1581 (factum)
787 1526 910 1566 rati.“
940 1523 1032 1565 Cic.
1061 1525 1121 1567 N.
1151 1524 1210 1566 D.
1249 1524 1320 1575 III,
1350 1524 1419 1565 40.
1450 1538 1584 1582 „quae
1616 1539 1755 1582 quum
1786 1522 1992 1573 dixisset,
2032 1522 2162 1564 Cotta
2192 1524 2332 1567 finem

360 1601 545 1660 (fecit).“
576 1600 668 1642 Cic.
699 1600 753 1642 (le
785 1601 880 1642 fin.
909 1600 990 1652 IV,
1024 1615 1058 1643 1.
1096 1616 1232 1657 „quae
1274 1616 1413 1657 quum
1455 1604 1652 1652 dixisset,
1691 1602 1833 1642 finem
1874 1602 1948 1641 ille
1989 1600 2172 1656 (fecit>.“
2214 1605 2332 1646 Suet.

361 1683 485 1725 Caes.
518 1678 585 1721 26.
614 1677 760 1735 „quod
791 1685 894 1720 ante
925 1691 1029 1720 eum
1058 1683 1233 1720 nemo.M
1273 1677 1470 1734 (Bremiz
1501 1682 1599 1721 eine
1629 1678 1889 1736 vorziiglich
1929 1681 1977 1719 in
2008 1678 2176 1723 diesem
2206 1681 2331 1722 Zeit-

359 1761 470 1805 alter
497 1755 677 1813 h'a'ufige
706 1754 878 1812 Ellipse
909 1753 986 1794 des
1017 1752 1161 1794 Verbi
1182 1752 1324 1810 fecit).
1356 1755 1425 1793 Cf.
1456 1756 1617 1794 Lamb.
1647 1756 1750 1795 Bos.
1781 1757 1938 1810 Ellips.
1959 1773 2025 1810 gr.
2058 1760 2123 1799 ed.
2151 1760 2327 1801 Schnef.

358 1855 404 1899 p.
435 1838 532 1882 648.
561 1837 728 1880 sanctii
756 1835 871 1875 Min.
898 1833 966 1872 ed.
995 1833 1153 1874 Bauer.
1174 1832 1225 1883 ΙΙ,
1254 1847 1299 1889 p.
1332 1833 1427 1873 230.
1458 1833 1763 1874 Ruddimann.
1796 1834 1863 1875 ed.
1894 1836 2047 1876 Stallb.
2076 1837 2127 1886 ΙΙ,
2156 1854 2199 1893 p.
2238 1854 2330 1896 227.

358 1916 544 1961 Ramsh.
573 1913 605 1972 ξ.
629 1911 733 1964 906,
763 1911 813 1963 C,
845 1925 883 1963 2,
913 1926 949 1955 c.
979 1936 1024 1945 -·-
1052 1912 1125 1954 Ne
1164 1911 1412 1953 secundum
1442 1913 1696 1954 Hermanni
1735 1912 1916 1969 quidem
1945 1917 2138 1956 rationes
2177 1915 2333 1972 hujus-

358 1997 484 2040 modi
515 1994 691 2049 ellipses
720 1993 855 2032 nimis
885 1990 1070 2031 audaces
1101 1998 1217 2032 sunt.
1275 1990 1354 2033 Ad
1385 1990 1492 2046 Vig.
1524 2006 1569 2047 p.
1601 1990 1696 2046 872.
1730 1991 1917 2049 „Itaque,
1947 1994 2104 2049 inquit,
2132 1993 2209 2035 ubi
2231 2010 2333 2037 ver-

358 2077 469 2118 bum
500 2075 636 2121 deest,
666 2069 786 2111 deest
816 2083 918 2125 pars
948 2067 1192 2125 praedicati
1223 2082 1328 2109 cum
1360 2068 1531 2124 copula,
1560 2074 1609 2109 ut
1639 2068 1702 2124 μή
1737 2069 1852 2123 πρός
1885 2079 1932 2112 σε
1962 2070 2190 2127 γονάτων,
2212 2073 2332 2115 scili-

360 2161 429 2197 cet
469 2148 667 2200 ἱκετεύω,
694 2151 723 2190 i.
754 2161 789 2188 e.
821 2144 1033 2188 ἱκετεύων
1064 2146 1163 2193 εἰμι’.
1221 2146 1313 2188 Hic
1343 2159 1445 2202 pars
1468 2145 1724 2201 praedicati,
1755 2161 1865 2203 quae
1880 2151 2026 2203 posita
2058 2156 2134 2199 est,
2165 2164 2222 2190 ex
2245 2166 2329 2208 qua

358 2230 547 2287 intelligi
588 2227 721 2269 debet
767 2239 837 2277 ea,
865 2238 976 2281 quae
1008 2231 1073 2265 est
1103 2228 1279 2275 omissa,
1321 2225 1441 2277 πρός
1477 2223 1696 2281 γονάτων
1725 2230 1828 2266 est.“
1885 2227 2054 2267 Nostro
2084 2225 2184 2269 loco
2221 2227 2332 2271 haec

357 2326 460 2370 pars
490 2316 555 2350 est
582 2323 660 2364 per
700 2309 874 2350 libertos
904 2319 1144 2361 servosque,
1174 2320 1232 2346 ex
1264 2319 1350 2360 qua
1380 2300 1590 2345 facillime
1622 2302 1888 2359 intelligitur
1917 2306 2089 2354 omissa,
2127 2319 2186 2347 sc,
2209 2308 2333 2359 fecit,

359 2395 445 2448 egit
472 2389 543 2433 vel
571 2386 700 2431 infin.
737 2383 896 2427 histor.
927 2397 1070 2437 agere.
1127 2383 1252 2429 Anu.
1282 2380 1364 2427 IV.
1394 2381 1462 2439 57.
1499 2381 1686 2440 „Caesar
1715 2384 1764 2423 in
1794 2381 2124 2441 Campaniam.“
2149 2383 2270 2428 'Hist.
2299 2385 2332 2438 Ι,

362 2484 431 2528 29.
459 2466 615 2519 „simul
645 2480 704 2508 ex
731 2470 826 2506 tota
854 2461 1004 2505 urbest
1031 2461 1091 2507 ib.
1121 2460 1190 2514 86.
1220 2460 1384 2514 „fames
1414 2463 1462 2502 in
1493 2461 1688 2518 vulgus.“

474 2546 535 2589 Et
565 2541 754 2586 verbum
782 2556 1057 2599 praeponere,
1086 2539 1207 2599 quod
1236 2554 1348 2583 mox
1381 2538 1539 2582 eodem
1571 2541 1714 2596 capite
1746 2552 1804 2580 ex
1833 2552 1926 2581 uno
1958 2538 2055 2580 cod.
2115 2540 2218 2583 Vat.
2255 2555 2330 2585 re·-

360 2631 461 2683 cept
481 2638 543 2664 im
582 2619 787 2679 legimm,
830 2633 935 2660 cum
964 2617 1180 2661 Doederl.
1222 2631 1308 2675 pro
1347 2617 1493 2673 glossa
1530 2616 1691 2658 habeo.
1750 2615 1820 2656 Cf.
1854 2631 1889 2657 c.
1920 2631 1962 2673 9.
1997 2618 2197 2668 „nullam
2237 2621 2328 2661 ultr

356 2717 610 2763 personam,
637 2701 865 2740 tristitiam
895 2704 939 2738 et
968 2701 1266 2754 arrogantiam
1290 2703 1334 2738 et
1365 2697 1593 2738 avaritiam
1624 2698 1846 2736 exuerat.“
1875 2702 1925 2736 ut
1953 2695 2126 2738 Becker
2155 2701 2328 2755 optimo

386 2780 691 2836 retiisuerjuit.
750 2777 875 2823 Ann.
904 2776 937 2831 Ι,
973 2776 1035 2820 15.
1065 2791 1178 2830 „neu
1206 2782 1404 2820 mortem
1434 2777 1482 2815 in
1510 2772 1669 2815 iisdem
1687 2771 1925 2827 laboribus,
1955 2774 2032 2817 sed
2062 2775 2202 2820 finem
2232 2784 2325 2820 tam
