2574 3443
1102 68 1176 138 4-
1245 105 1308 151 18
1374 88 1448 154 -κέ

281 240 406 281 omni
436 235 522 294 (sc.
549 233 689 277 latere
719 231 1013 292 Britanniae),
1051 231 1289 282 redierat&
1312 233 1415 295 vide
1454 232 1573 279 infra
1612 234 1667 279 ad
1695 233 1741 278 h.
1766 233 1815 278 'l-
1837 245 1911 268 ‘--·
1935 232 2014 279 Ab
2052 242 2101 280 ut
2139 250 2248 281 con·-

277 315 506 372 junctione
536 296 595 355 et*
609 312 821 356 adverbio
847 312 986 369 ‚juxta
1016 313 1176 369 positis
1217 305 1382 357 latinu‘s
1410 329 1559 358 sermo
1576 328 1669 357 non
1687 315 1836 355 minus
1865 311 2091 367 abhorret,
2112 327 2247 375 quam

274 392 539 438 vernaculus
567 393 622 435 ab
653 395 718 436 als
755 396 835 444 als,
864 396 938 435 wie
966 395 1054 438 wie.
1111 391 1377 451 Interrogas,
1406 410 1493 454 qua
1529 397 1701 436 ratione
1731 394 1841 436 Tac.
1877 407 1924 434 se
1961 394 2246 451 expedierit?

275 474 468 516 aiterum
498 477 663 526 omisit,
691 482 821 531 atque
851 471 1043 513 alte-rum
1073 472 1401 526 conjunctionis
1430 474 1565 517 simul
1595 482 1638 515 et
1668 473 1865 516 adverbii
1893 476 1987 516 vice
2025 471 2242 531 fungitur,

275 552 456 605 Modus,
494 559 686 611 tempus,
727 557 975 602 contextus,
1016 563 1182 604 sensus,
1229 554 1380 595 omnia
1420 551 1552 610 plana
1601 559 1716 595 sunt.
1784 551 1916 619 Bane
1966 555 2244 606 sententiam,

275 636 477 692 quamvis
515 631 761 690 probabilis
791 629 906 672 mihi
935 629 1140 671 videatur
1169 637 1213 672 et
1243 634 1291 672 in
1321 645 1407 689 qua
1447 634 1706 690 acquiescat,
1745 633 1821 689 qui
1860 632 2005 674 Taciti
2036 638 2080 672 et
2118 634 2244 689 inge-

273 716 404 754 nium
436 720 479 753 et
509 724 764 753 sermonem
794 697 1039 750 accuratius
1079 714 1377 766 perspexerit,
1406 714 1454 751 in
1481 712 1683 751 medium
1720 718 1872 752 tamen
1902 709 2108 766 proferre
2148 725 2242 753 non

272 804 403 833 ausus
434 803 592 841 essem,
619 790 706 830 nisi
736 787 859 830 idem
898 786 1127 830 accidisset
1156 795 1311 830 nostro
1340 786 1460 830 Hist.
1488 788 1569 840 IV,
1598 788 1636 830 5.
1673 788 1933 840 „Helvidius
1961 789 2142 850 Priscus
2172 783 2256 822 ·-'

224 876 229 879 “
271 856 505 926 ingenium
533 868 706 909 illustre
737 868 968 908 altioribus
990 867 1147 909 studiis
1176 869 1349 921 juvenis
1379 867 1625 908 admodum
1656 867 1794 929 dedit,
1820 882 1913 908 non
1941 875 1993 908 ut
2033 870 2240 928 plerique

269 951 453 988 nomine
483 946 723 1002 magnifico
764 961 898 1002 segne
941 951 1084 988 otium
1123 946 1302 996 velaret,
1342 946 1419 987 sed
1458 961 1548 1003 quo
1588 945 1764 987 firmior
1804 946 2012 987 adversus
2053 946 2239 989 fortuita

268 1025 597 1082 rempublicam
637 1031 921 1084 capesse1·et..“
960 1042 1047 1068 non
1077 1033 1126 1067 ut
1153 1028 1338 1082 plerique
1380 1040 1464 1082 pro
1504 1041 1591 1067 non
1624 1033 1683 1075 ut,
1724 1033 1772 1067 ut
1815 1027 2011 1082 plerique
2048 1030 2238 1084 scripsit.

267 1103 479 1147 Editores
509 1110 664 1147 contra
694 1111 970 1146 constantem
1001 1103 1207 1147 codicum
1237 1108 1507 1163 scripturam
1536 1109 1636 1145 ante
1667 1106 1833 1146 nomine
1870 1103 2061 1147 alterum
2089 1114 2141 1149 ut
2168 1108 2239 1148 in-

267 1189 513 1236 truserunt,
561 1197 656 1225 non
693 1183 1107 1236 animadvertentes,
1150 1184 1362 1227 Tacitum
1402 1184 1755 1232 enuntiationem
1792 1190 1839 1225 ut
1880 1186 2044 1226 nomine
2082 1186 2239 1229 velaret

266 1278 462 1321 negasse,
489 1277 584 1305 non
614 1261 749 1306 verba
781 1270 830 1305 ut
857 1265 1065 1321 plerique,
1093 1279 1178 1322 per
1208 1262 1499 1322 paienthesin
1529 1262 1658 1314 dicta,
1698 1262 1855 1321 quibus
1889 1266 2022 1306 etiam
2063 1268 2235 1307 omissis

264 1359 416 1386 sensus
445 1346 620 1398 integer
648 1350 824 1384 maneat
856 1351 1057 1401 oportet3
1087 1345 1261 1401 virgula
1290 1348 1409 1386 inter
1437 1353 1525 1387 non
1555 1349 1598 1384 et
1629 1350 1678 1385 ut
1704 1343 1896 1399 plerique
1917 1343 2130 1399 ponenda
2149 1338 2231 1387 'er-

262 1425 360 1466 rori
390 1436 627 1464 occurrere
646 1436 740 1463 non
767 1421 886 1474 licet,
915 1438 1066 1482 quum,
1086 1424 1208 1482 quod
1238 1426 1387 1474 sciam,
1416 1427 1595 1479 respuat.
1616 1420 1808 1463 latinitas
1839 1437 1924 1464 non
1953 1425 2001 1463 in
2029 1422 2107 1464 tali
2124 1437 2235 1465 con-

260 1509 392 1543 textu
422 1503 517 1542 sine
545 1499 693 1542 fulcro
722 1504 938 1557 positum.
966 1526 1033 1534 --
1063 1502 1219 1553 Quid?
1248 1501 1369 1559 quod
1389 1505 1538 1557 ipsum
1569 1500 1837 1542 Ciceronem
1866 1500 2125 1554 hujusmodi·
2153 1516 2234 1543 ne-

261 1581 514 1639 gligentiae,
551 1587 603 1621 ut
644 1584 809 1621 merito
851 1581 1116 1636 adpellatur‚
1154 1596 1287 1622 reum
1327 1578 1512 1621 faciunt.
1570 1579 1672 1620 Nat.
1710 1577 1850 1620 Deor.
1890 1580 1923 1629 Ι,
1961 1595 2001 1636 9.
2041 1580 2230 1631 „deinde

260 1645 383 1716 {luod
412 1661 474 1702 ita
502 1656 644 1700 multa
674 1664 777 1699 sunt
807 1657 1093 1699 incommoda
1121 1661 1171 1698 in
1199 1659 1302 1707 vita,
1330 1662 1381 1697 ut
1410 1671 1460 1698 ea
1490 1657 1708 1711 sapientes
1733 1657 2073 1700 commodorum
2107 1673 2232 1701 com-

255 1736 518 1794 pensatione
559 1731 742 1782 leniant,
771 1730 895 1773 stulti
926 1744 1008 1772 nec
1038 1733 1179 1772 vitare
1216 1735 1440 1773 venientia
1469 1736 1655 1786 possint,
1684 1748 1766 1776 nec
1797 1734 1915 1777 ferre
1945 1739 2230 1793 praesentia.“

254 1814 316 1857 ib.
344 1808 585 1857 Heindorf.
615 1808 800 1851 Ramsh.
830 1809 936 1852 huic
966 1809 1066 1851 loco
1095 1805 1126 1867 ᾗ.
1160 1807 1253 1851 206.
1283 1808 1341 1852 A.
1373 1807 1412 1851 5.
1444 1806 1621 1850 laudato
1652 1809 1864 1870 subjecit:
1902 1812 1967 1867 „fh
1997 1820 2059 1866 ut,
2089 1828 2228 1872 quum

257 1909 307 1937 ea
336 1897 559 1952 sapientes
588 1890 795 1933 leniant.“

256 2133 367 2191 Cap.
396 2130 577 2176 XXIV.
611 2131 768 2192 Quinto
800 2134 1106 2188 expeditionum
1137 2145 1250 2173 anno
1281 2145 1388 2173 nave
1414 2133 1554 2188 prima
1585 2139 1877 2187 transgressus
1905 2133 2077 2186 ignotas
2097 2136 2154 2176 ad
2181 2135 2225 2176 id

518 2217 696 2267 ¹tempus
724 2217 871 2267 gentes
901 2214 1057 2253 crebris
1086 2210 1282 2252 simulac
1308 2213 1526 2266 prosperis
1553 2212 1723 2266 proeliis
1752 2211 1933 2253 domuit.

362 2347 539 2390 Ernest.
560 2345 696 2389 verba
727 2361 836 2391 nave
862 2348 1009 2403 prima
1040 2344 1276 2403 explicuit:
1305 2359 1439 2402 „quae
1460 2359 1537 2386 ora
1567 2347 1648 2386 ista
1666 2346 1853 2385 scrutari
1873 2347 2013 2385 ausa.“
2071 2344 2218 2398 Quam

247 2425 481 2484 vulgarem
509 2424 861 2482 explicationem
892 2425 1066 2467 Becker
1089 2426 1353 2466 certissimis
1383 2422 1592 2465 refutavit
1623 2425 1909 2481 argumenti5‚
1939 2437 2073 2481 quem
2093 2426 2218 2482 vide;

247 2504 373 2565 quod
402 2511 552 2548 autem
591 2504 777 2558 conjecit
809 2504 1054 2562 legendum
1083 2518 1181 2547 vere
1208 2506 1357 2561 primo,
1395 2502 1517 2547 haud
1557 2501 1687 2546 facile
1729 2506 1935 2560 cuiquam
1976 2504 2217 2560 probatum

248 2589 358 2639 erit3
388 2583 627 2638 „credibile
660 2592 737 2636 est,
766 2587 925 2642 inquit,
943 2588 1098 2642 quinto
1129 2599 1248 2626 anno
1279 2583 1392 2639 Agr.
1421 2583 1552 2625 solito
1591 2586 1823 2633 maturius,
1857 2594 1943 2623 nec
1986 2593 2217 2642 exspecta-

244 2673 289 2708 ta
320 2672 496 2719 aestate,
523 2666 663 2720 primo
692 2680 798 2708 vere
825 2665 914 2719 jam
936 2664 1113 2707 hostem
1143 2663 1402 2719 adgressum
1433 2667 1563 2704 esse.“
1604 2663 1714 2706 Tac.
1736 2676 1827 2704 non
1846 2662 2078 2716 adgressus
2106 2672 2216 2710 scri-

244 2747 335 2802 psit
366 2743 443 2787 sed
474 2752 784 2801 transgressus.
845 2743 939 2787 Cur
968 2759 1104 2787 nemo
1133 2746 1432 2799 interpretum
1462 2744 1511 2783 in
1539 2739 1655 2783 hanc
1677 2755 1832 2784 vocem
1862 2746 2106 2787 accuratius
2144 2749 2215 2790 in-
