2574 3443
1164 78 1500 124 ..25-

340 212 451 269 Cap.
479 205 699 253 XXVIII.
721 176 842 251 Mox
879 206 959 252 hac
995 215 1122 266 atque
1147 208 1223 252 iun
1260 211 1392 281 rapti,
1427 216 1467 252 et
1504 224 1604 253 cum
1639 211 1849 269 plerisque
1880 213 2199 257 Britannorum
2227 226 2307 257 sn·

412 288 733 342 defensantium
761 288 934 343 proelio
967 289 1192 342 congressi,
1221 301 1269 330 ac
1297 300 1422 345 saepe
1451 291 1651 339 victores,
1679 289 1909 346 aliqnando
1937 292 2065 348 pulsi,
2092 306 2142 335 eo
2170 292 2231 336 ad

552 375 786 424 extremum
815 367 985 423 inopiae
1013 381 1170 431 venere3
1198 374 1251 410 ut
1278 366 1605 425 infirmissimos
1633 381 1821 422 snorum,
1849 384 1945 413 mox
1972 378 2083 414 sorte

1048 449 1228 499 ‚ducto-5,
1262 455 1543 491 vescerentur.

445 586 649 641 Dronke,
677 588 866 632 Prorsus
895 586 1140 629 absurdum
1169 594 1248 641 est,
1276 590 1431 646 inquit,
1460 589 1582 647 quod
1609 587 1774 645 legitur
1810 590 1859 631 in
1888 588 1986 631 cod.
2009 587 2132 633 ‘Vat.
2172 589 2298 648 3429,

331 666 381 709 Ρ.
416 681 450 719 1,
481 681 519 720 2,
552 666 664 709 Ven.
694 667 809 718 Alc„
838 681 931 709 inor
960 667 1014 709 ad
1044 682 1202 724 aquam
1242 675 1370 725 atque
1400 676 1445 710 ut
1475 671 1552 711 illa
1571 670 1708 724 raptis
1725 683 1864 711 secum
1880 669 2100 725 plerisque.
2128 668 2298 711 Emeu-

333 744 558 787 dationem
587 743 862 802 praeclaram
892 747 1072 802 ingenio
1104 743 1315 787 debemus
1345 744 1567 798 Rhenani,
1598 749 1673 803 qui
1711 749 1913 803 priorem
1951 746 2192 789 lectionem
2230 754 2296 789 ta-

332 827 417 865 cite-
449 827 670 877 correxitz,
708 823 895 867 meliora
936 839 994 866 ex
1034 823 1104 866 his
1134 823 1281 868 verbis
1311 826 1457 883 nuque
1488 828 1721 883 quisquam
1760 832 1860 866 ante
1899 832 2049 868 nostra
2087 833 2294 885 tempora

332 902 554 947 divinabat
583 918 727 961 neque
757 917 839 960 ego
881 908 1104 961 possum.“
1132 886 1359 962 Equidem
1397 907 1499 947 satis
1539 906 1697 947 mirari
1735 918 1826 946 non
1864 918 2059 961 possum,
2099 904 2292 949 editores

329 988 423 1026 tum
452 981 530 1025 diu
559 984 823 1041 acquievisse
853 984 901 1025 in
931 982 1015 1026 hac
1044 981 1254 1026 Rhenani
1282 982 1548 1038 conjectura,
1577 997 1689 1042 quae
1718 985 1904 1026 minime
1943 982 2170 1042 praeclara
2205 987 2292 1028 mi—

329 1061 380 1105 hi
408 1062 605 1117 videtur3
634 1065 833 1120 primum
864 1064 996 1104 nimis
1027 1060 1159 1120 longe
1189 1076 1215 1104 a
1242 1065 1463 1121 scriptura
1493 1062 1622 1109 codd.
1651 1060 1832 1114 recedit,
1862 1061 2021 1105 deinde
2050 1063 2183 1107 verba
2211 1079 2292 1109 sua

279 1156 293 1168 ‘-
330 1144 649 1194 defensantium
677 1145 956 1184 mentionem
991 1144 1172 1198 rapinae
1203 1141 1470 1199 desiderant.
1527 1141 1813 1185 Vocabulum
1854 1157 2018 1200 aquam,
2058 1143 2177 1201 quod
2216 1142 2290 1185 hic

328 1222 572 1265 absurdum
608 1220 813 1262 habuisse
851 1221 1073 1272 videntur,
1108 1229 1278 1263 rectam
1318 1221 1471 1263 debuit
1509 1228 1759 1262 monstrare
1798 1224 1926 1263 viam.
2002 1223 2129 1264 Num
2179 1237 2288 1279 aqua

326 1316 419 1345 non
448 1315 560 1358 opus
591 1306 685 1342 erat
715 1297 916 1357 Usipiis?
956 1315 1116 1359 aquam
1144 1302 1366 1343 marinam
1394 1315 1486 1343 non
1514 1306 1759 1358 potuerunt·
1789 1297 1960 1354 bibere3
1988 1300 2089 1344 vide
2120 1300 2175 1343 de
2204 1299 2289 1344 hac

324 1394 373 1423 re
402 1380 517 1424 Plin.
547 1380 665 1422 Hist.
694 1379 798 1420 Nat.
828 1378 1013 1429 XXXJ,
1043 1391 1108 1420 21.
1137 1377 1206 1420 33.
1236 1378 1305 1435 37.
1333 1378 1456 1435 Ergo
1485 1380 1533 1419 in
1561 1385 1779 1436 promptu
1801 1385 1866 1420 est
1885 1377 2157 1421 emendatio:
2188 1395 2290 1423 mox

324 1462 385 1503 ad
414 1473 573 1517 aquarn
603 1464 734 1513 acque
762 1458 883 1500 utilia
913 1460 1117 1516 rapienda
1147 1470 1240 1500 cum
1266 1461 1376 1515 pler.
1405 1456 1491 1500 Sed
1511 1461 1650 1514 magis
1669 1458 1783 1500 mihi
1803 1459 1989 1501 arridet:
2018 1473 2117 1502 mot
2144 1465 2290 1501 autem

322 1554 478 1596 aquam
511 1546 637 1594 atque
668 1539 861 1580 utensilia
890 1546 1115 1595 raptantes
1145 1551 1238 1579 cum
1265 1539 1376 1593 pler.
1435 1536 1781 1594 Compendiaria
1810 1541 2032 1596 scriptura
2057 1541 2178 1582 vocis
2209 1553 2291 1602 au-

323 1625 409 1661 tem
440 1616 568 1658 facile
599 1619 645 1657 in
677 1619 733 1658 ad
763 1615 883 1657 abire
912 1618 1089 1673 potuit3
1118 1614 1218 1657 vide
1247 1613 1436 1656 Ruhnk.
1466 1614 1524 1655 ad
1562 1614 1669 1656 Rut.
1698 1615 1820 1672 Lup.
1856 1615 1890 1669 Ι,
1930 1616 1994 1659 13.
2031 1615 2289 1658 Ernestium

321 1697 377 1739 ad
405 1696 528 1739 Ann.
559 1695 670 1746 XV,
701 1695 766 1735 52.
796 1694 867 1744 „Si
898 1709 926 1734 α
956 1692 1367 1747 ἀίεΡΙὶεεαῑ,Ῥοεείε
1398 1693 1622 1744 corrigere
1661 1699 1746 1740 aut,
1784 1695 2047 1746 praesertim
2088 1706 2190 1734 cum
2230 1693 2286 1733 li-

319 1776 391 1817 bri
420 1775 602 1830 quidam
632 1773 824 1812 habeant
854 1772 952 1821 ad“;
982 1768 1114 1810 eund.
1144 1767 1201 1809 ad
1229 1767 1353 1810 Ann.
1382 1766 1493 1817 XV,
1522 1767 1590 1809 53.
1619 1768 1699 1809 ubi
1727 1783 1842 1809 unus
1884 1769 1981 1811 cod.
2020 1773 2090 1820 ad,
2124 1770 2287 1826 reliqui

320 1861 395 1897 aut
423 1851 603 1895 habent,
632 1873 677 1880 —-
712 1847 912 1889 Utensilia
943 1852 1045 1888 sunt
1075 1849 1265 1900 cibaria3
1295 1847 1528 1904 quinquies
1557 1843 1642 1887 hac
1672 1844 1992 1902 significatione
2014 1851 2209 1891 occurrit
2238 1852 2287 1891 in

323 1932 471 1976 Taciti
503 1942 612 1987 quae
644 1932 820 1968 exstant
850 1927 1041 1984 scriptis,
1068 1925 1193 1969 Ann.
1222 1925 1253 1979 I,
1284 1935 1351 1982 70.
1381 1924 1430 1977 Π,
1461 1936 1499 1969 Ι.
1529 1922 1598 1967 60.
1628 1924 1699 1979 ΠΙ,
1728 1925 1795 1967 52.
1825 1923 1936 1979 XV,
1974 1925 2042 1985 39.
2080 1925 2137 1970 cf.
2167 1927 2287 1971 Gro-

319 2024 421 2075 nov.
451 2007 507 2049 ad
536 2008 658 2050 Aun.
687 2004 717 2057 Ι,
750 2014 815 2060 70.
845 2027 891 2036 ·-

326 2255 434 2313 Cap.
464 2252 632 2297 XXX.
666 2250 762 2296 Nos
791 2260 999 2298 terrarum
1030 2258 1069 2294 et
1099 2252 1311 2295 libertatis
1340 2258 1542 2294 extremos
1582 2264 1765 2296 rectssus
1795 2253 1882 2310 ipse
1910 2264 1961 2295 ac
1988 2253 2107 2296 sinus
2122 2250 2285 2311 famae

1015 2334 1060 2373 in
1088 2331 1200 2374 hunc
1230 2334 1353 2373 diem
1382 2329 1588 2387 defendit.

435 2490 610 2535 Mirum
639 2496 855 2547 quantum
884 2482 959 2531 h‘ic
988 2488 1111 2531 locus
1142 2487 1379 2532 facillimus
1416 2488 1524 2532 VV.
1565 2488 1671 2533 DD.
1711 2481 1932 2533 cruciavit.
1969 2487 2108 2531 Multi
2143 2490 2282 2532 inter-

319 2576 467 2629 pretes
497 2583 590 2611 non
618 2569 838 2622 viderunt,
867 2582 1057 2613 recessus
1088 2575 1133 2610 et
1161 2572 1278 2612 sinus
1308 2581 1563 2626 synonyma
1594 2582 1684 2611 esse
1716 2574 1758 2609 et
1787 2571 2032 2625 genitivum
2053 2570 2197 2624 famae
2225 2568 2280 2612 ab

321 2658 510 2708 utroque
542 2649 764 2707 pendere3
795 2664 949 2691 omnes
980 2656 1128 2691 autem
1156 2646 1231 2688 hio
1261 2645 1423 2689 fefellit
1452 2651 1517 2700 vis
1546 2651 1825 2705 pronominis
1866 2651 1969 2706 ipse,
2007 2648 2139 2706 quod,
2168 2651 2281 2689 sicut

321 2737 526 2774 nostrum
555 2731 703 2783 selbst,
729 2743 858 2787 saepe
890 2729 1091 2772 denotat:
1120 2729 1264 2781 etiam,
1291 2727 1366 2781 vel,
1394 2729 1513 2781 adeo,
1543 2732 1668 2782 auch,
1695 2742 1855 2784 sogar3
1884 2742 2017 2787 quam
2047 2726 2283 2786 quumha-

1732 2798 1759 2836 4
