2574 3443
1245 173 1645 257 —r14--x

509 338 619 394 Cap.
647 336 818 380 XVIII.
876 339 971 389 Sed,
1001 345 1051 379 ut
1080 339 1124 379 in
1154 337 1291 378 dubiis
1320 318 1529 388 consitiis,
1558 352 1693 381 naves
1714 341 1916 391 deerant3
1945 338 2057 378 ratio
2085 343 2126 379 et
2153 350 2256 380 con·

1105 417 1267 462 stantia
1295 416 1414 460 ducis
1448 418 1652 475 pervexit.

506 568 674 611 Parum
712 567 957 627 profecisse
997 568 1106 610 VV.
1135 566 1242 609 DD.
1284 570 1334 608 in
1370 570 1587 610 mutando
1620 570 1975 626 explicandoque
2018 568 2106 609 hoc
2134 567 2368 609 loco'dea·

393 655 566 706 petato,
595 663 730 689 nemo
769 663 860 690 non
902 651 1077 690 sentiet.
1142 649 1287 689 Dubia
1327 650 1500 691 consilia
1533 649 1587 690 de
1625 652 1830 691 universa
1869 649 2156 706 expeditione
2196 647 2369 696 dictum

396 740 491 768 esse
520 741 613 767 non
643 732 805 782 potest,
833 732 884 766 ut
914 725 1142 775 Doederl„
1171 725 1376 776 Dronke,
1398 726 1471 767 alii
1502 734 1738 783 putarunt,
1769 742 1874 769 nam
1904 742 2048 784 neque
2079 725 2369 769 commodum

393 818 575 847 sensum
605 802 789 860 praebet
821 810 863 844 et
895 818 1083 861 sequens
1123 807 1266 846 rutio-
1294 809 1491 862 pervexit
1515 808 1683 856 innuit,
1714 809 1996 847 centuriones
2038 812 2081 847 et
2119 803 2369 863 praefectos

394 886 552 939 inopes
582 880 716 922 fuisse
749 881 935 923 consilii.
998 883 1210 924 Doederl.
1241 889 1397 926 vertit:
1442 886 1570 927 Aber
1603 888 1681 925 wie
1722 885 1793 924 bei
1825 885 2085 925 unsicherm
2117 883 2367 926 Vei-haben

394 958 627 1019 geschieht
670 958 871 1017 (Schiffe
910 961 1223 1019 mangelten),
1263 962 1335 1005 die
1376 961 1582 1006 Einsicht
1619 961 1713 1004 und
1753 961 2114 1004 Beharrlichkeit
2153 961 2228 1002 des
2268 960 2371 1003 An-

395 1038 575 1083 ffihrers
607 1039 749 1098 drang
789 1039 997 1083 hiniiber.
1058 1040 1169 1094 Quis
1206 1040 1318 1082 haee
1357 1042 1663 1086 intellexerit?
1705 1041 1769 1083 Ut
1807 1049 1978 1084 taceam
2018 1041 2071 1083 de
2112 1039 2372 1098 parenthesi

395 1120 656 1174 hujusmodi
697 1123 773 1161 vix
812 1119 1011 1171 ferenda,
1050 1135 1143 1161 non
1173 1125 1322 1162 minus
1352 1122 1542 1163 absurda
1570 1122 1724 1179 prodit
1755 1125 1994 1173 sententia,
2031 1134 2165 1178 quam
2195 1123 2231 1160 si
2274 1119 2372 1162 vul-

397 1214 548 1256 garem
581 1202 826 1240 retinemus
854 1199 1225 1256 significationem
1256 1200 1424 1243 horum
1453 1202 1707 1253 verborum,
1737 1217 1847 1258 quae
1880 1205 1970 1243 sive
2001 1201 2056 1242 ad
2095 1204 2251 1249 deerat,
2280 1202 2370 1241 sive

396 1279 452 1323 ad
479 1281 670 1336 pervexit
708 1277 863 1330 refers,
892 1277 1069 1321 nullum
1101 1279 1268 1321 bonum
1298 1295 1479 1323 sensum
1518 1279 1679 1323 elicies.
1738 1281 1864 1324 Num
1904 1282 1951 1322 in
1993 1278 2138 1322 dubiis
2179 1277 2372 1331 consiliis

395 1373 526 1401 naves
558 1358 709 1398 deesse
742 1358 920 1400 solent?
950 1374 1060 1401 num
1091 1364 1139 1401 in
1170 1360 1314 1402 dubiis
1357 1362 1551 1403 consiliis
1591 1363 1704 1401 ratio
1736 1367 1780 1400 et
1818 1362 2065 1401 constantia
2104 1358 2229 1399 ducis
2268 1371 2374 1413 per-

394 1437 558 1480 vehere
589 1436 733 1477 solet?
781 1438 828 1479 Si
858 1446 906 1478 ut
936 1453 1021 1494 pro
1051 1440 1272 1495 particula
1303 1441 1465 1482 causali
1496 1442 1670 1495 accipis,
1700 1454 1792 1480 11011
1822 1439 1981 1480 melius
2010 1453 2055 1479 se
2085 1436 2268 1478 habebit
2289 1451 2373 1478 res.

395 1516 685 1572 Arripiamus
716 1517 868 1571 igitur,
898 1516 953 1558 ad
985 1517 1346 1574 desperationem
1376 1518 1570 1569 adducti,
1602 1518 1936 1561 Gronovianam
1969 1515 2271 1569 conjecturam
2302 1530 2376 1558 su-

398 1596 494 1638 bitis
523 1596 722 1637 consiliis.
781 1594 905 1638 Bene
935 1596 1118 1655 quidem
1148 1604 1246 1639 tum
1276 1596 1347 1638 his
1373 1597 1520 1640 verbis
1552 1598 1798 1638 enuntiatio
1840 1609 1965 1637 naves
2003 1596 2185 1637 deerant
2226 1594 2375 1651 expli-

398 1682 547 1728 catur,
578 1672 654 1714 sed
685 1672 770 1715 alia
827 1674 991 1715 residet
1023 1674 1283 1727 difficultas,
1313 1689 1501 1732 sequens
1534 1678 1652 1717 ratio
1683 1683 1722 1716 et
1754 1681 1888 1717 const.
1921 1673 1999 1714 rel.
2032 1687 2135 1714 cum
2167 1686 2232 1723 eo,
2253 1672 2374 1729 quod

397 1753 632 1803 antecedit,
661 1754 953 1808 grammatice
984 1767 1078 1794 non
1108 1752 1329 1794 cohaeret.
1387 1753 1586 1803 Tacitus,
1615 1755 1701 1793 nisi
1731 1755 1778 1793 in
1801 1752 2175 1808 descriptionibus
2204 1751 2374 1803 vividis,

394 1836 580 1892 poeticis
612 1830 821 1882 dixerim,
850 1827 1107 1876 α’συνδέτως
1135 1831 1258 1887 loqui
1280 1844 1372 1869 non
1402 1830 1529 1870 solet.
1589 1830 1712 1881 Quid
1736 1834 1875 1885 ergo?
1906 1831 2193 1873 Vocabulum
2223 1839 2271 1873 ut
2288 1845 2373 1887 pro

397 1911 607 1957 adverbio
638 1910 854 1966 temporis
885 1907 1198 1965 accipiendum
1227 1914 1305 1958 est,
1335 1906 1455 1964 quod
1488 1921 1581 1948 non
1623 1906 1770 1948 solum
1807 1912 1857 1947 ut
1897 1907 2018 1963 apud
2058 1909 2225 1949 multos
2266 1909 2374 1950 alios

396 1997 455 2033 ita
485 1989 606 2046 apud
637 1989 848 2030 Tacitum
880 1986 1027 2043 (Ann.
1057 1986 1088 2037 Ι,
1116 1987 1185 2030 35.
1215 1986 1282 2028 65.
1312 1986 1363 2036 H,
1396 1986 1461 2027 28.
1491 1986 1560 2027 42.
1592 1986 1658 2029 80.
1687 1986 1758 2037 ΠΙ,
1793 1986 1854 2028 15.
1884 1986 1963 2036 IV,
1995 1999 2031 2027 2.
2063 1985 2131 2030 63.
2162 1987 2238 2043 al.)
2274 2003 2375 2029 cum

397 2069 599 2128 perfecto
629 2070 915 2117 construitur,
945 2065 1023 2107 sed
1055 2068 1185 2108 etiam
1216 2064 1359 2124 (sicut
1387 2073 1622 2122 postquam
1664 2066 1839 2122 ipsum,
1875 2062 1998 2117 cujus
2028 2065 2144 2107 vices
2185 2066 2380 2122 suscipit,

398 2150 647 2191 innumeris
685 2145 816 2197 locis,
853 2148 919 2188 uti
960 2144 1080 2188 Hist.
1117 2143 1166 2196 II,
1203 2157 1263 2201 19.
1305 2143 1372 2189 25.
1411 2143 1481 2196 ΙΙΙ,
1513 2143 1551 2187 8.
1591 2141 1659 2185 46.
1692 2141 1759 2185 86.
1799 2141 1922 2184 Α1111.
1953 2141 2064 2193 XV,
2094 2143 2161 2199 37.
2193 2142 2261 2184 45.
2292 2141 2380 2201 67.)

400 2243 504 2270 cum
550 2224 832 2282 imperfecto.
900 2225 1021 2266 Hist.
1057 2223 1137 2274 IV,
1176 2224 1244 2263 31.
1281 2237 1417 2273 „mox
1454 2231 1503 2264 ut
1544 2221 1750 2278 praeberi
1792 2235 1870 2261 ora
1911 2221 2217 2271 contumetiis,
2255 2228 2299 2261 et
2336 2245 2381 2254 -

400 2314 556 2348 cuneta
586 2308 691 2346 victi
717 2306 1028 2360 patiebantur}⁴
1055 2302 1213 2359 (Quod
1241 2302 1298 2344 ad
1326 2316 1513 2357 zeugma
1532 2300 1673 2353 hujus·
1693 2299 1782 2341 loci
1812 2298 1981 2341 adtinet
2013 2296 2069 2343 cf.
2099 2297 2380 2342 simillimum

400 2387 549 2428 locum
581 2400 616 2426 c.
645 2391 880 2441 postquam
910 2384 1035 2427 Ann.
1074 2382 1145 2433 ΙΠ,
1178 2380 1242 2423 26.
1272 2389 1529 2439 „postqaum
1566 2381 1666 2422 exui
1697 2376 1935 2435 aequalitas
1968 2384 2010 2418 et
2040 2391 2125 2434 pro
2160 2377 2380 2422 modestia

399 2482 449 2509 ac
479 2464 652 2523 pudore
681 2463 867 2506 ambitio
899 2470 943 2505 et
972 2465 1037 2505 vis
1068 2462 1298 2513 incedebat,
1336 2458 1461 2518 rel.“)
1508 2460 1607 2503 Liv.
1636 2457 1687 2510 ΙΙ,
1725 2456 1796 2500 45.
1833 2463 1908 2509 „ut
1948 2454 2064 2500 nihil
2104 2456 2380 2500 movebant.“

400 2544 543 2588 Rutss.
572 2545 693 2601 Lup.
723 2545 774 2596 Π,
805 2553 872 2589 20.
901 2546 1077 2600 „itaque
1108 2548 1156 2583 ut
1185 2540 1425 2584 familiares
1441 2538 1741 2589 videbantur,“
1770 2536 1833 2579 ibi
1863 2535 2051 2579 Ruhnk.
2072 2536 2258 2583 Terent,
2287 2537 2379 2581 Ad.

399 2623 479 2675 111,
510 2623 549 2666 3.
580 2621 649 2665 42.
691 2630 765 2674 „ut
793 2621 1116 2665 numerabatur
1154 2622 1383 2679 pecunia.“
1421 2617 1481 2660 ibi
1521 2616 1707 2660 Ruhnk.
1748 2615 1891 2659 Plaut.
1931 2612 2217 2659 Menaechm.
2257 2615 2379 2660 Prol.

399 2718 529 2757 ¹,nam
559 2717 636 2744 rus
666 2710 716 2743 ut
746 2701 837 2745 ibat
866 2700 985 2744 forte
1015 2706 1065 2742 ut
1094 2699 1288 2743 multum
1318 2697 1562 2757 pluverat.“
1609 2695 1702 2738 Cic.
1736 2694 1870 2739 Verr.
1902 2695 1934 2745 Ι,
1966 2706 2003 2735 2.
2044 2700 2118 2745 „ut
2150 2701 2262 2736 esset
2291 2694 2378 2737 hoc

397 2782 683 2839 judicatum-‘⁴
721 2782 785 2825 ibi
814 2781 989 2825 Manut.
1017 2803 1063 2814 --
1094 2778 1220 2837 (cum
1249 2791 1393 2838 praes.
1423 2776 1539 2818 Hor.
1568 2775 1656 2817 Sat.
1686 2773 1718 2826 I,
1748 2774 1786 2825 5,
1821 2773 1883 2815 15.
1913 2772 2167 2825 „absentem
2197 2780 2246 2815 ut
2276 2788 2381 2817 can-

398 2871 462 2907 tat
492 2867 720 2907 amicam.“
762 2862 824 2904 ibi
855 2859 1024 2913 Bent1.;
1066 2874 1169 2901 cum
1190 2853 1544 2916 plusquampers.
1565 2855 1683 2911 Nep.
1709 2852 1850 2897 Attic.
1878 2867 1940 2896 11.
1982 2860 2054 2906 „ut
2078 2856 2377 2910 eme1·serat.“)
