2574 3443
1258 210 1564 256 ...8—

380 334 500 411 cepit
527 359 677 393 tamen
706 361 742 389 c.
779 358 842 404 ¹7·
881 359 1034 399 „causa
1062 346 1199 402 igitur
1226 342 1477 403 largitionis
1507 350 1585 398 est,
1612 345 1651 387 si
1679 349 1756 387 aut
1794 343 1972 387 necesse
2013 349 2081 386 est
2117 351 2194 388 aut
2230 345 2354 391 utile.

377 433 429 476 Iu
460 431 528 472 his
557 435 708 471 autem
736 428 845 484 ipsis
874 425 1159 467 mediocritas
1194 425 1350 480 regula
1378 427 1550 483 optima
1580 429 1682 467 est.“
1721 423 1861 467 Paulo
1889 429 1993 480 post
2031 424 2175 474 „Tota
2202 429 2354 482 igitur,

375 514 534 569 inquit,
562 511 678 550 ratio
707 506 867 548 talium
906 505 1196 561 largitionum
1234 528 1281 536 —
1319 519 1484 562 genere
1532 508 1689 550 vitiosa
1728 511 1816 557 est,
1853 502 2221 561 temporibus
2261 520 2353 548 ne·

379 591 658 642 cessaria3
687 594 732 628 et
760 594 911 627 tamen
940 587 1033 641 ipsa
1066 591 1111 625 et
1140 582 1195 625 ad
1225 580 1457 627 facultates
1486 584 1818 628 aceomodanda
1849 590 1892 625 et
1920 582 2229 627 mediocritate
2249 599 2350 628 mo⁴

380 667 578 712 deranda
606 671 711 708 est.“
768 662 1009 719 Agricot.2e
1039 662 1323 719 temporibus
1354 678 1529 705 caussae
1566 668 1675 705 istae
1713 666 1985 705 necessitatis
2025 677 2118 705 non
2157 662 2350 721 amplius

381 748 576 796 aderant,
605 758 748 801 neque
786 743 905 783 ultus
944 741 1102 791 bouus,
1141 744 1316 796 opinor,
1355 742 1452 783 illas
1488 743 1745 798 largitiones
1781 743 2045 798 postulabat.
2084 767 2129 774 —
2167 743 2351 784 Tacitus

380 831 473 882 ipse
505 839 596 866 nou
637 830 686 862 ut
724 818 1023 877 philosophus
1062 819 1191 861 ludos
1231 823 1382 864 inania
1422 821 1619 878 adpellat
1659 820 1860 874 honoris,
1910 821 1988 863 sed
2027 827 2078 863 ut
2116 820 2350 864 Romanus

379 907 526 961 prisca
555 900 643 942 fide
689 906 732 940 et
761 902 926 942 virtute
958 912 1006 939 ac
1035 900 1186 954 prisco
1214 896 1433 940 libertatis
1465 912 1630 950 amore,
1657 913 1832 941 summo
1863 914 1968 941 cum
2010 899 2167 941 dolore
2206 902 2351 957 respi-

381 985 500 1029 ciens
528 982 682 1038 priora
710 983 928 1034 tempora,
966 976 1125 1034 quibus
1155 974 1255 1018 ludi
1283 977 1489 1020 nondum
1519 984 1644 1020 erant
1672 979 1823 1019 inania
1860 976 2072 1031 honorisr,
2112 991 2219 1034 ergo
2256 992 2351 1020 non

380 1063 525 1118 potuit
554 1064 736 1115 putare,
765 1060 814 1098 in
840 1056 975 1098 rebus
1004 1057 1209 1098 inanibus
1239 1057 1440 1099 medium
1469 1056 1718 1098 tenendum
1743 1070 1834 1098 esse
1856 1059 1975 1098 inter
1994 1043 2352 1099 moderationem

383 1147 423 1182 et
452 1137 782 1181 abundantiam.
840 1134 995 1189 Quid?
1037 1135 1156 1193 quod
1184 1134 1451 1192 Agricolam
1480 1135 1593 1177 illud
1621 1135 1824 1178 medium
1851 1149 2006 1180 revera
2024 1150 2117 1177 non
2145 1139 2351 1188 tenuisse,

384 1218 615 1262 manifesto
645 1223 767 1273 patet
798 1230 855 1258 ex
886 1230 950 1268 eo,
981 1215 1100 1272 quod
1130 1218 1352 1274 sequitur:
1390 1217 1481 1268 „uti
1509 1215 1681 1273 longe
1713 1230 1738 1259 a
1766 1214 1947 1258 luxuria
1974 1217 2037 1257 ita
2067 1212 2212 1257 famae
2241 1229 2352 1273 pro-

379 1302 519 1355 pior.“
538 1299 566 1338 i.
598 1309 634 1339 e.
664 1297 741 1348 etsi
770 1293 903 1349 longe
925 1309 949 1334 a
978 1293 1170 1345 luxuria,
1198 1292 1342 1336 famae
1375 1302 1511 1336 tamen
1541 1294 1660 1351 apud
1688 1294 1830 1335 bonos
1859 1297 2063 1351 propior.
2104 1293 2248 1347 (Ann.
2280 1293 2356 1352 HI,

377 1378 445 1420 43,
476 1384 524 1417 ut
553 1373 758 1415 nondum
788 1378 944 1428 aperta
974 1376 1278 1425 consensione,
1308 1377 1372 1416 ita
1400 1375 1570 1417 viritim
1598 1376 1789 1431 promtis
1820 1373 1975 1415 studiis
2006 1369 2108 1429 rel.)
2140 1371 2262 1426 Quid
2281 1387 2352 1415 er·-

377 1456 464 1514 go?
493 1455 691 1501 Tacitus,
720 1463 927 1492 socerum
959 1460 1264 1505 excusaturus,
1293 1456 1370 1510 qui
1398 1451 1585 1495 fortasse
1615 1466 1701 1509 pro
1730 1451 2033 1493 mediocribus
2076 1454 2164 1492 suis
2204 1451 2352 1494 fortu-

376 1538 444 1578 nis
472 1532 593 1591 (vide
624 1529 680 1571 ad
710 1543 747 1571 c.
775 1528 867 1587 44.)
896 1529 1028 1572 solito
1056 1534 1235 1588 parcius
1266 1530 1450 1573 dederat
1487 1531 1617 1573 ludos
1647 1529 1938 1588 (quamquam
1976 1544 2081 1586 pars
2121 1532 2351 1587 impensae

378 1628 437 1656 ex
465 1613 634 1654 aerario
664 1612 781 1650 sumi
809 1608 1022 1666 solebat),
1053 1610 1202 1653 dicere
1231 1610 1424 1655 voluisse
1455 1610 1645 1661 videtur,
1673 1609 1804 1651 illum
1822 1608 1953 1651 ludos
1975 1611 2126 1652 inania
2142 1608 2352 1652 habuisse

378 1693 578 1740 honoris,
604 1687 801 1744 ideoque,
826 1701 927 1729 rem
954 1688 1275 1731 moderationis
1316 1703 1405 1730 non
1443 1688 1738 1728 abundantiae
1779 1686 1974 1727 duxisse.
2029 1686 2131 1729 Jam
2162 1685 2349 1729 Colerus

378 1779 510 1827 neque
538 1766 680 1808 voluit
708 1780 797 1819 pro
827 1775 958 1819 cuque
987 1789 1033 1797 —-
1063 1764 1238 1816 Quibus
1278 1763 1414 1806 rebus
1456 1762 1673 1806 adductus
1714 1766 1917 1820 suspicor
1954 1766 2174 1821 seriptum
2213 1763 2350 1808 fuisse

378 1844 680 1894 moderationis
711 1855 865 1899 quam
896 1840 1194 1883 abundantiae.
1254 1838 1390 1902 Quam
1418 1852 1504 1897 per
1533 1841 1855 1896 compendium
1870 1845 2102 1899 scriptum,
2130 1843 2352 1898 librarius,

377 1930 497 1972 lmnc
524 1919 741 1981 loquendi
771 1919 960 1961 modum
988 1918 1174 1961 fortasse
1213 1922 1439 1975 ignorans,
1474 1933 1561 1976 pro
1601 1933 1678 1975 que
1716 1917 1886 1972 habuit,
1925 1920 2059 1978 quod,
2096 1937 2236 1980 quum
2274 1925 2350 1967 hic

374 2010 525 2052 locum
553 2000 722 2044 habere
751 2013 845 2041 non
874 2005 1038 2056 posset,
1065 2001 1114 2039 in
1143 2006 1266 2054 atque
1294 2001 1494 2040 mutavit.
1553 1998 1704 2040 Locus
1735 1998 1875 2040 semel
1905 2007 2143 2056 corruptus
2174 2002 2352 2062 deinde,

372 2094 423 2131 ut
451 2084 550 2128 fieri
581 2079 704 2130 solet,
736 2081 867 2120 etiam
898 2081 1039 2135 mag-is
1069 2083 1307 2133 corruptus
1335 2084 1411 2118 est.
1440 2101 1485 2109 -
1542 2077 1614 2120 Eu
1643 2075 1780 2120 habes
1819 2080 1971 2121 omnia
2005 2077 2139 2134 hujus
2181 2081 2348 2139 ellipti-

376 2178 449 2207 cae
479 2158 689 2217 loquendi
721 2157 893 2198 formae
924 2148 1133 2212 exempla
1163 2156 1281 2211 apud
1313 2157 1533 2198 Tacitum.
1561 2159 1715 2200 Germ.
1746 2156 1785 2199 6.
1826 2157 2010 2207 „cedere
2038 2158 2139 2200 loco
2168 2185 2214 2192 --
2242 2175 2351 2204 con-

375 2245 459 2288 silii
473 2254 606 2298 quam
616 2234 868 2278 formidinis
880 2234 1243 2277 arbitrabantur.“
1273 2233 1396 2276 Anu.
1416 2250 1449 2287 1,
1462 2235 1528 2278 53.
1546 2250 1727 2294 „pacem
1741 2249 1872 2293 quam
1885 2235 2054 2277 bellum
2065 2234 2352 2292 probabam.“

373 2323 441 2375 III,
477 2333 540 2377 ¹7·
575 2316 826 2370 „miseratio
857 2329 988 2372 quam
1018 2313 1185 2357 invidia
1214 2313 1494 2371 augel›atur.“
1511 2314 1569 2358 ib.
1610 2315 1712 2369 32.„
1732 2314 1900 2358 honori
1921 2330 2054 2373 quam
2074 2316 2347 2373 ignominiae

371 2395 629 2444 habendum
661 2391 887 2435 ducebat.“
922 2390 1004 2435 IV.
1032 2391 1102 2433 61.
1129 2392 1280 2443 „claris
1304 2393 1547 2446 majoribus
1577 2409 1712 2452 quam
1741 2397 1962 2436 vetustis.“
1998 2394 2058 2447 V,
2079 2392 2116 2435 6.
2138 2409 2228 2445 „ne
2249 2409 2347 2438 me-

372 2478 564 2522 moriam
593 2474 735 2514 nostri
763 2485 849 2529 per
888 2484 1145 2513 moerorem
1174 2486 1309 2528 quam
1338 2470 1441 2514 laeti
1470 2475 1735 2516 retineatiS.“
1764 2472 1848 2529 XL
1878 2472 1947 2516 25.
1977 2476 2159 2525 „mitem
2192 2481 2236 2516 et
2269 2487 2344 2517 re-

375 2571 479 2600 cens
507 2557 747 2609 repertam,
775 2564 911 2609 quam
942 2563 1001 2592 ex
1030 2551 1259 2593 severitate
1289 2552 1448 2608 prisca,
1486 2554 1708 2594 rationem
1738 2550 1980 2595 adhibuit.“
2008 2552 2127 2596 Hist.
2166 2551 2237 2606 ΠΙ,
2275 2550 2344 2597 60.

372 2635 596 2692 „legiones
626 2628 979 2685 opperiebantur
1008 2635 1058 2669 ut
1086 2628 1275 2685 praedae
1307 2643 1440 2686 quam
1469 2631 1779 2686 periculorum
1809 2633 1985 2674 socias.“
2014 2630 2096 2675 IV.
2119 2630 2186 2673 55.
2214 2630 2345 2683 „hos-

371 2725 439 2761 tes
484 2705 649 2771 populi
687 2706 885 2749 Romani
915 2720 1049 2764 quam
1077 2709 1257 2750 socius.“
1287 2707 1394 2750 ibid.
1426 2706 1493 2765 76.
1531 2708 1687 2761 „verba
1718 2716 1761 2750 et
1804 2711 2041 2750 conciones
2078 2723 2211 2767 quam
2248 2708 2344 2752 fer-

370 2809 475 2842 rum
512 2795 556 2832 et
585 2800 710 2828 arma
738 2786 1043 2828 meditantes.“
1072 2786 1129 2828 ib.
1172 2787 1238 2829 83.
1267 2786 1572 2844 „voluptatum
1610 2802 1744 2845 quam
1774 2788 2047 2845 religionum
2086 2792 2344 2847 appetens.“

369 2876 433 2929 V,
461 2874 501 2916 5.
530 2880 745 2923 „corpora
775 2865 971 2909 condere
993 2880 1127 2923 quam
1156 2871 1395 2909 cremare.“
1424 2867 1483 2909 Et
1513 2865 1582 2909 his
1601 2866 1711 2909 locis
1743 2874 1786 2909 et
1828 2867 2050 2919 omnibus,
2080 2883 2189 2925 quos
2221 2865 2343 2925 apud

2235 2933 2345 2976 alio·
