2574 3443
1071 142 1417 189 -25-

263 271 341 316 bet
368 270 751 329 significationem,
779 282 873 310 non
903 282 1006 310 cum
1035 253 1240 325 g'raviore
1270 275 1487 314 enuntiati
1517 273 1711 324 nomine,
1738 271 1817 313 sed
1835 286 1941 333 cum
1958 277 2108 331 primo
2125 287 2237 318 oon-

261 351 465 406 jungitur
493 349 655 391 eodem
683 360 847 405 genere
878 354 923 388 et
949 360 1064 388 casu.
1095 346 1146 390 C.
1175 349 1217 392 3.
1247 364 1355 401 „nec
1393 365 1522 407 spem
1560 351 1697 392 modo
1737 365 1787 392 ac
1825 357 1981 394 votum
2022 357 2231 395 securitas

260 429 454 486 publica,
483 428 561 469 sed
590 430 729 484 ipsius
769 429 860 469 voti
898 424 1110 467 fiduciam
1138 441 1189 468 ac
1217 428 1359 471 robur
1387 433 1711 486 assumpserit.“
1748 431 1826 472 ubi
1864 428 2102 472 manifesto
2140 446 2231 473 vox

261 514 389 550 acuta
431 522 526 549 non
565 510 615 549 in
653 506 790 549 verbo
837 508 942 555 voti,
982 505 1059 545 sed
1099 508 1148 546 in
1182 504 1406 561 fiduciam
1450 516 1490 550 et
1529 513 1662 550 robur
1692 508 1899 564 ponenda
1931 515 2007 550 (st.
2083 508 2134 551 C.
2164 510 2230 551 ΡΩ.

260 586 463 643 „coelum
490 589 641 645 ipsum
670 601 721 628 ac
748 598 872 628 mare
889 590 932 626 et
961 583 1102 635 silvas,
1121 587 1276 643 ignota
1305 589 1456 629 omnia
1486 590 1655 630 circum
1685 593 1968 645 spectantes.“
1998 587 2074 630 ubi
2096 591 2232 648 ipsum

261 672 401 712 etiam
448 666 505 710 ad
554 680 672 710 mare
719 672 762 708 et
812 665 949 707 silvas
989 666 1213 720 pertinet3
1253 665 1296 721 ja
1326 665 1463 709 selbst
1503 661 1734 719 Himmel,
1780 666 1910 709 Meer
1955 667 2050 709 und
2096 667 2235 712 Wal-

262 748 357 800 der,
384 746 491 790 alles
519 744 659 788 sehen
688 747 749 786 sie
779 743 844 785 als
872 741 1133 785 unbekannt
1163 758 1243 787 um
1272 743 1371 786 sich
1399 743 1496 788 her.
1524 769 1591 779 —-·
1618 747 1665 788 Si
1693 752 1848 788 nostro
1868 745 1968 788 loco
1976 745 2127 803 famae
2152 758 2232 791 vo-

260 843 311 872 ce
340 828 552 876 acuimus,
581 825 726 865 omnis
756 820 1001 864 obscuritas
1031 823 1224 868 evanuit.
1281 822 1510 865 Sententia
1538 830 1624 864 est=
1652 821 1848 865 Romani
1875 839 2014 882 usque
2035 824 2091 868 ad
2108 824 2232 868 huno

261 907 384 950 diem
411 920 494 948 nos
521 918 616 946 non
646 904 841 959 aggressi
869 907 986 953 sunt,
1012 915 1108 943 non
1137 900 1285 943 solum
1303 887 1493 959 propter
1513 901 1886 958 longinquitatem
1911 906 2107 959 regionis
2147 921 2231 948 no-

259 992 390 1036 strae,
417 982 496 1026 sed
526 984 672 1033 etiam,
700 979 821 1039 quod
850 994 907 1021 ne
937 993 1106 1021 nomen
1134 979 1317 1037 quidem
1347 986 1552 1021 nostrum
1582 979 1637 1020 ad
1666 994 1793 1021 aures
1815 994 1972 1022 eorum
2000 986 2231 1039 pervenit3

256 1063 459 1108 brevius:
488 1063 588 1105 Nos
625 1074 720 1102 non
757 1058 904 1101 solum
942 1061 1153 1115 regioniS,
1189 1057 1267 1100 sed
1296 1061 1435 1116 ipsius
1473 1057 1617 1101 famae
1653 1074 1850 1102 recessus
1878 1063 1926 1101 in
1954 1059 2076 1104 hunc
2107 1062 2229 1107 diem

258 1141 488 1193 defendit3
516 1154 651 1197 quam
670 1139 1034 1179 ,enuntiationem
1064 1137 1250 1179 Tacitus
1279 1140 1451 1180 varians
1482 1151 1730 1195 ornansque
1752 1152 1842 1179 una
1864 1139 2230 1196 comprehensio-

254 1236 316 1264 ne
348 1219 613 1278 complexus
644 1224 728 1259 est:
757 1217 855 1258 Nos
884 1222 1109 1257 terrarum
1137 1222 1189 1258 ac
1218 1216 1433 1258 libertatis
1463 1225 1663 1259 extremos
1697 1231 1894 1262 recessus
1919 1221 2013 1275 ipse
2043 1224 2229 1262 aesinus

246 1300 397 1359 famae
425 1301 474 1341 in
502 1297 625 1340 hunc
655 1296 777 1338 diem
807 1293 1021 1337 defendit.
1049 1319 1117 1327 -—
1146 1295 1219 1337 Sic
1248 1294 1432 1337 demum
1462 1295 1569 1338 Tac.
1599 1298 1788 1338 tumoris
1819 1296 2073 1351 absolvitur,
2104 1299 2227 1354 cujus

255 1382 440 1423 nomine
470 1376 670 1434 alioquin
699 1373 978 1416 damnandus
1017 1380 1155 1424 esset,
1190 1380 1443 1430 propterea,
1479 1373 1601 1430 quod
1630 1374 1765 1416 verba
1793 1389 2003 1420 recesssas
2032 1384 2076 1418 et
2105 1380 2229 1423 sinus

256 1457 312 1502 de
339 1456 461 1500 fama
482 1456 611 1507 dixit,
638 1468 749 1513 quae
781 1452 1057 1507 conjunctim
1086 1451 1399 1494 tantummodo
1430 1452 1485 1494 de
1514 1459 1634 1495 terra
1662 1453 1732 1496 vel
1767 1456 1882 1496 mari
1910 1461 2030 1497 recte
2068 1456 2228 1501 dicun*

253 1532 340 1579 tur.
369 1536 483 1588 Uns,
512 1535 584 1576 die
614 1534 913 1577 Aeussersten
942 1532 1024 1573 der
1051 1531 1173 1573 Erde
1202 1530 1298 1571 und
1328 1530 1408 1572 der
1437 1530 1648 1582 Freiheit‚
1678 1530 1756 1574 hat
1785 1533 1921 1574 selbst
1951 1533 2022 1574 die
2041 1535 2227 1580 Entfer-

252 1629 395 1671 nung,
421 1614 495 1655 die
532 1611 901 1668 Vei-borgenheit
927 1625 1114 1652 unseres
1146 1608 1342 1653 Namens
1371 1609 1440 1651 bis
1470 1608 1553 1651 auf
1575 1609 1727 1653 diesen
1756 1611 1858 1668 Tag
1885 1612 2129 1667 geschiitzt.

252 1805 361 1862 Cap.
391 1799 615 1845 XXXIII.
646 1798 850 1856 Equidem
880 1812 1009 1854 saepe
1039 1799 1083 1839 in
1112 1797 1288 1852 agmine,
1318 1810 1451 1852 quum
1480 1811 1560 1840 vos
1585 1804 1773 1854 paludes
1800 1811 2022 1856 montesve,
2061 1814 2099 1848 et
2125 1809 2227 1861 flu..

363 1883 478 1925 mina
497 1879 761 1937 fatigarent,
781 1877 1028 1933 jor-tissimi
1059 1876 1260 1932 cuiusque
1289 1889 1422 1918 uoces
1450 1877 1688 1919 audiebam:
1721 1876 1900 1940 Quando
1941 1882 2113 1927 clabitur

560 1956 729 2001 hostis?
760 1959 938 2013 quando
972 1953 1121 1996 acies?
1158 1955 1352 2006 Veniunt,
1379 1970 1399 1996 e
1428 1956 1601 1997 latebris
1630 1960 1718 1999 suis
1747 1960 1918 2011 extrusi,

844 2043 887 2076 et
916 2041 1017 2076 vota
1046 2036 1268 2090 virtusque
1299 2036 1342 2074 in
1372 2043 1529 2090 aperto,
1558 2034 1638 2076 rel.

361 2164 435 2215 „P.
471 2176 505 2213 1,
537 2174 573 2212 2,
601 2160 721 2203 Ven.
751 2159 854 2202 Alc.
886 2163 1057 2216 quando
1090 2159 1290 2202 animus?
1320 2158 1470 2204 Rhen.
1499 2161 1631 2200 tacite
1661 2159 1856 2216 quidem,
1884 2161 1962 2202 sed
1994 2165 2219 2219 praeclare

247 2242 539 2285 emendavit.“
567 2239 772 2283 Dronke.
802 2240 915 2281 Pace
945 2243 1031 2293 viri
1062 2239 1326 2281 doctissimi.
1348 2242 1405 2280 sit
1445 2239 1628 2289 dictum,
1666 2252 1759 2280 non
1796 2240 2024 2295 praeclare
2066 2259 2218 2288 emen-

244 2320 363 2365 davit
392 2318 555 2373 Rhen.,
585 2309 663 2362 sed
694 2318 944 2361 inconsulte
976 2325 1018 2361 et
1049 2325 1219 2360 temere
1251 2320 1475 2377 corrupit3
1506 2332 1640 2377 quam
1662 2315 1965 2376 corruptelam
1986 2319 2040 2363 ab
2070 2326 2218 2367 omni-

241 2399 348 2451 bus,
380 2406 422 2440 et
464 2402 542 2456 qui
595 2398 835 2441 ediderunt
886 2397 1004 2440 hanc
1044 2400 1196 2449 vitam,
1226 2404 1270 2438 et
1310 2400 1386 2455 qui
1414 2404 1658 2449 verterunt,
1687 2412 1826 2455 usque
1856 2398 1911 2441 ad
1942 2398 2214 2447 hunc'diem

243 2492 336 2521 esse
367 2484 590 2519 retentam
617 2490 894 2534 magnopere
925 2476 1136 2519 admiror.
1195 2474 1370 2517 Videor
1399 2476 1553 2518 audire
1588 2476 1778 2518 Beatum
1817 2476 2104 2532 Rhenanum,
2142 2496 2215 2525 ca-

240 2557 410 2601 chinno
440 2557 625 2609 sublato,
655 2556 1004 2598 exclamantem:
1044 2556 1326 2598 Fortissimos
1355 2555 1532 2607 milites,
1572 2556 1732 2613 quibus
1772 2564 1874 2599 ante
1912 2572 2126 2615 pugnam,
2162 2569 2214 2604 ut

237 2638 386 2695 pulvis
416 2640 577 2692 pyrius
609 2643 652 2676 et
681 2635 863 2690 glandes
892 2636 1145 2690 plumbeae,
1174 2638 1237 2676 sic
1263 2638 1435 2676 animus
1465 2635 1638 2677 dandus
1667 2639 1736 2685 sit,
1773 2651 1831 2678 ex
1859 2637 2026 2679 horreo
2054 2655 2213 2696 prom-

236 2715 331 2760 tus!
362 2714 603 2766 Continuo,
632 2716 727 2756 sine
755 2711 849 2756 ulla
877 2711 1168 2757 haesitatione
1199 2714 1377 2757 animus
1403 2715 1592 2757 mutavit
1621 2715 1669 2756 in
1709 2715 1829 2767 acies,
1866 2729 1959 2759 non
1999 2721 2211 2775 cogitans,

237 2796 410 2841 dabitur
438 2793 656 2843 hocloco
686 2807 781 2837 esse
823 2794 979 2846 liubin
1018 2809 1104 2846 qua
1141 2792 1461 2849 significatione
1504 2807 1596 2836 non
1636 2793 1783 2837 solum
1821 2781 2043 2838 infinitivo
2085 2799 2208 2842 verbi
