2574 3443
1028 130 1108 141 —um

1035 142 1346 189 -ε-Ὶ-

154 250 1696 326 ,Μείςυὶᾶήὰοῆςαοᾱιᾶίιὼὶωῑθᾳᾶᾳῑειιᾶίροιπίι
1753 258 2001 306 GodVat.
2033 262 2182 319 ses-ip-

210 347 364 385 turam
386 343 650 419 nuperrime
668 339 844 383 Beeker
870 346 1058 384 conatus
1085 344 1154 383 est
1180 341 1312 382 meri.
1366 338 1549 381 Vocem
1574 343 1711 383 medio
1743 341 1918 384 idoneis
1953 339 2179 398 exempl‘n

210 425 420 466 munivit.
474 421 545 467 At
571 435 680 464 vero
707 419 830 464 unde
847 420 1019 478 pendet
1045 416 1208 464 ablat-‘i
1234 418 1297 463 V.
1296 416 1376 462 ·.D
1403 417 1446 461 h
1447 419 1599 465 zbenaa
1613 419 1729 462 clam
1748 419 1985 477 supplevit,
1999 420 2174 463 dicem:
2229 405 2242 415 ³

211 500 390 546 »media
418 502 542 544 inter
567 501 795 543 rationem
821 503 866 542 et
894 496 1214 543 abundantiam
1239 496 1379 561 ludos·
1399 502 1446 540 et
1472 499 1622 540 inania
1648 495 1836 541 honoris
1847 496 2056 543 habenda
2079 511 2177 551 esse

211 580 356 641 duxit,
384 593 463 621 seu
491 580 724 636 putavitar
763 576 859 621 Gur
893 590 990 620 non
1026 576 1219 620 alterum
1246 576 1394 620 attulit
1441 577 1704 636 exemplum
1749 567 2009 636 buiusrnodi
2046 576 2179 635 ellip-

211 657 303 702 sis?
327 656 545 702 Doederl.
575 670 753 715 quoqne
774 657 984 710 facienda
1009 669 1099 700 esse
1124 653 1429 714 supplendum
1458 661 1627 709 censet,
1653 654 1733 698 sed
1759 655 1870 698 locis
1907 669 2071 714 pamm
2096 670 2179 714 ap-

198 733 269 782 ·tis
297 737 565 781 sententiam
593 721 721 794 suam
748 732 898 778 studet
925 731 1123 780 firmare.
1151 732 1205 779 C.
1234 746 1300 793 27.
1329 731 1436 789 „sed
1465 736 1695 779 occasione
1737 741 1783 779 et
1819 741 1914 779 arte
1950 733 2077 779 ducis
2103 747 2179 779 ra·

208 820 271 860 ti“
299 815 417 860 nihil
443 813 619 874 probat,
645 813 710 857 ibi
727 812 911 873 factum
938 812 1254 872 supplendum,
1281 814 1404 873 quod
1430 817 1719 874 participium
1738 817 1914 873 saepius
1941 817 2178 869 omittitur,

207 895 339 956 (vide
367 893 487 939 infra
514 893 573 937 ad
602 909 642 938 c.
657 892 785 954 ⁶19.);
813 892 867 937 C.
894 892 967 940 33.
993 892 1204 937 Broterio
1231 891 1319 936 hoc
1345 892 1448 937 Ioco
1475 893 1614 939 fidem
1641 893 1894 939 habendam
1922 908 2084 939 censeo
2109 894 2178 938 le-

207 975 519 1035 gendumque:
548 987 801 1031 quamquam
829 972 989 1017 laetum
1016 979 1058 1017 et
1085 972 1157 1016 vix
1183 974 1465 1017 munimentis
1500 964 1731 1018 co'e’rcitum
1751 974 1918 1018 mititem
1941 972 2178 1023 accenden-

205 1056 308 1099 dum
336 1054 477 1097 adhuc
503 1042 649 1107 ratus,
666 1055 734 1096 ita
763 1053 981 1096 disseruit.
1009 1050 1154 1109 (Cave
1191 1064 1454 1110 quamquam
1481 1051 1539 1096 ad
1569 1060 1696 1097 ratus
1731 1052 1912 1096 referas.
1939 1053 2011 1097 cf.
2047 1053 2174 1097 Anu.

206 1133 281 1187 ΠΙ,
308 1132 379 1177 46.
408 1135 517 1186 „etsi
545 1138 836 1191 praesumpta
863 1146 966 1190 spes
994 1130 1208 1175 hortandi
1245 1146 1416 1175 caussas
1451 1138 1695 1185 exemerat,
1732 1131 1985 1184 clamitabat
2020 1140 2176 1176 tamen

204 1212 318 1257 relff‘
345 1213 469 1257 Hist.
482 1211 565 1264 IV,
592 1210 662 1269 57.
698 1201 982 1263 „audendum
1008 1215 1132 1252 ratus
1159 1233 1207 1244 —
1232 1210 1480 1256 disseruit.“
1505 1209 1632 1257 Ann.
1659 1210 1742 1265 IV,
1762 1211 1833 1269 37.
1872 1209 2175 1269 „responden-

204 1292 318 1336 dum
344 1298 468 1336 ratus
495 1313 544 1325 -
570 1292 823 1334 orationem
857 1291 1044 1347 coepit.“
1081 1289 1162 1336 VI.
1198 1292 1268 1351 37.
1304 1301 1572 1347 „ostentasse
1599 1316 1646 1329 -
1672 1298 1794 1335 ratus
1831 1286 2043 1348 monet.“)
2070 1288 2173 1333 Sive

201 1375 333 1417 modo
361 1374 453 1415 sive
482 1373 626 1415 medio
654 1369 780 1428 legis,
806 1367 978 1413 incides
1005 1371 1056 1414 in
1085 1372 1208 1417 ludas
1241 1363 1409 1426 ducere,
1445 1372 1568 1433 quod
1603 1372 1740 1415 latine
1775 1383 1870 1414 non
1899 1368 1989 1413 dici
2017 1382 2174 1412 omnes

202 1454 504 1496 consentiunt.
562 1449 666 1495 Hac
694 1448 880 1511 quidem
906 1457 1036 1510 parte
1062 1450 1211 1509 Lipsii
1241 1451 1494 1510 conjectura
1514 1466 1649 1510 supra
1666 1452 1954 1508 transscripta
1972 1450 2176 1494 modera-

204 1535 335 1579 tionis
362 1540 493 1591 atque
520 1532 808 1577 abundantiae
835 1544 931 1574 non
956 1529 1143 1586 laborat,
1160 1544 1319 1576 verum
1345 1539 1401 1590 ut
1426 1531 1545 1578 bona
1572 1533 1793 1576 sententia
1820 1528 2038 1584 eliciatur,
2065 1541 2177 1573 con·

201 1612 387 1673 fugiunt
414 1609 472 1652 ad
500 1607 594 1651 Cic.
624 1607 683 1650 de
712 1606 808 1650 Off.
833 1608 889 1659 11,
920 1608 986 1649 15.
1022 1620 1146 1665 seqq.
1181 1608 1262 1650 ubi
1297 1613 1368 1664 iis,
1403 1613 1485 1669 qui
1519 1623 1608 1669 per
1641 1603 1812 1653 famam
1849 1614 1983 1668 atque
2019 1619 2175 1651 auram

200 1693 472 1755 popularem
499 1687 798 1747 amplissim0s
827 1685 1054 1744 dignitatis
1079 1686 1245 1743 gradus
1271 1688 1458 1744 adipisci
1487 1695 1714 1744 cuperent,
1746 1690 1991 1743 praecepit,
2024 1690 2075 1730 in
2102 1685 2174 1730 lu-

203 1773 271 1818 dis
301 1768 485 1815 edendis
513 1765 725 1811 'medium
751 1762 998 1805 tenendum
1026 1775 1121 1803 esse
1147 1764 1268 1805 inter
1294 1761 1560 1808 effusionem
1588 1770 1634 1807 et
1668 1758 1912 1809 avaritiam.
1927 1784 1975 1799 -
2028 1762 2097 1807 At
2114 1762 2173 1809 de

199 1852 290 1897 hoc
319 1847 547 1893 Ciceronis
571 1848 829 1904 praecepto
849 1838 1127 1884 observando
1162 1854 1257 1884 non
1282 1844 1434 1900 potuit
1469 1845 1665 1900 cogitare
1701 1841 1933 1900 Agricola.
1990 1842 2174 1888 Cicero—

200 1934 272 1978 nis
320 1922 602 1986 temporibus
640 1927 768 1968 vetus
804 1918 1082 1980 respublica,
1121 1922 1205 1963 etsi
1245 1923 1401 1964 ruinae
1440 1923 1676 1981 proxima,
1713 1920 1857 1964 stabat
1892 1926 2046 1966 tamen
2092 1922 2175 1969 ad-

200 2003 320 2063 huc3
346 2007 416 2063 jus
445 2018 496 2047 ac
525 2007 724 2061 potestas
757 1999 940 2043 creandi
965 2001 1251 2057 magistratus
1277 2013 1419 2058 penes
1457 1999 1682 2059 populum
1709 2007 1829 2055 erat3
1866 2001 2034 2045 civium
2067 2016 2174 2060 gra·

200 2091 313 2132 tiam
341 2084 427 2128 sibi
455 2080 714 2125 conciliasse
740 2080 934 2123 maximi
961 2084 1057 2122 erat
1084 2080 1305 2123 momenti
1331 2081 1667 2139 maximamque
1693 2083 1874 2138 poterat
1900 2077 2065 2125 afferre
2081 2083 2176 2126 uti·

199 2167 390 2212 litatem.
449 2158 758 2220 Temporibus
785 2166 938 2204 autem
964 2156 1209 2218 Agricolae
1236 2156 1417 2218 („gnari
1443 2157 1527 2203 sub
1553 2159 1742 2203 Nerone
1769 2165 2043 2218 temporum,
2070 2162 2173 2220 qui·

198 2247 285 2289 bus
313 2244 476 2287 inertia
502 2254 591 2299 pro
618 2242 838 2299 sapientia
865 2238 1027 2297 fiunv‘)
1069 2237 1207 2297 plane
1233 2237 1356 2283 nulla
1385 2245 1616 2298 supererat
1633 2237 1828 2290 libertas,
1854 2250 1913 2280 ne
1938 2240 2172 2297 principa-

198 2333 274 2368 tus
312 2321 500 2382 quidem
536 2319 726 2364 Nerone
763 2317 1048 2375 dominante3
1082 2318 1154 2375 jus
1192 2317 1371 2361 creandi
1407 2320 1689 2375 magistratus
1726 2314 1899 2375 populo
1937 2314 2169 2367 ademtam

200 2408 297 2448 erat
327 2398 485 2458 (Lips.
511 2395 707 2444 Excurs.
735 2396 793 2443 ad
819 2396 947 2444 Ann.
982 2395 1016 2450 1,
1058 2396 1122 2453 15,
1158 2395 1372 2442 Beaufort
1410 2394 1695 2456 Republique
1722 2393 1944 2440 Romaine
1972 2394 2031 2443 L.
2059 2398 2101 2443 3.
2129 2413 2170 2444 c·

197 2479 244 2527 6.
280 2478 396 2526 Plin.
422 2477 533 2521 Pan.
563 2484 634 2535 70.
662 2474 793 2537 92.);
834 2482 1067 2536 postremo
1104 2479 1269 2521 civium
1304 2476 1451 2521 studia
1478 2478 1528 2520 in
1562 2488 1609 2518 se
1646 2481 1820 2520 vertere
1858 2474 2167 2534 periculosum

201 2566 310 2614 erat,
336 2557 419 2602 sub
440 2556 626 2600 Nerone
655 2555 855 2615 capitale.
912 2554 1064 2616 (Anu.
1094 2554 1226 2609 XIV,
1253 2556 1321 2602 52.
1349 2557 1441 2612 „Hi
1467 2556 1599 2601 variis
1628 2554 2016 2599 criminationibus
2027 2555 2167 2598 Sene·

200 2654 301 2684 cam
327 2618 594 2682 adoriuntur
628 2660 676 2671 -
713 2634 922 2695 quodque
959 2633 1105 2679 studia
1133 2638 1295 2680 civium
1333 2639 1384 2679 in
1412 2650 1460 2680 se
1496 2632 1757 2690 verteret.“)
1799 2633 1971 2685 Cicero,
2007 2647 2168 2692 quam-

202 2733 337 2781 quam
364 2716 554 2768 dixerat,
593 2712 689 2760 Off.
728 2729 766 2761 c.
808 2713 873 2759 16.
913 2714 1144 2775 „intilligo
1179 2717 1229 2760 in
1264 2721 1417 2760 nostra
1456 2717 1631 2760 civitate
1669 2714 1949 2764 inveterasse,
1975 2713 2113 2757 etiam
2139 2727 2168 2757 a

201 2800 330 2845 bonis
357 2793 652 2855 temporibus,
677 2802 729 2839 ut
757 2793 973 2854 splendor
1001 2793 1277 2839 aedilitatum
1304 2793 1361 2839 ab
1389 2796 1573 2854 optimis
1599 2794 1707 2850 viris
1718 2789 2008 2850 postuletur-,⁴⁴
2032 2805 2167 2851 prae·
