2574 3443
1108 96 1176 106 .-
1250 74 1310 119 13
1348 50 1353 54 ’
1380 97 1450 106 ...-

307 215 407 263 sagt
430 223 560 259 η’,οης
590 221 626 249 c.
646 205 715 249 45.
745 212 817 258 „ut
844 204 1110 262 perhibent,
1139 206 1218 261 qui
1246 203 1587 246 interfuemnt.“
1613 229 1658 236 —
1685 203 1737 247 In
1766 204 1847 246 der
1874 196 2017 247 Fer'ne
2048 200 2267 246 erblickte

305 298 412 330 mm
441 283 556 328 auch
585 284 754 343 Thyle,
783 284 889 327 dem
919 281 1014 325 sich
1043 296 1131 325 nur
1161 280 1335 325 Schnee
1364 282 1459 326 und
1485 282 1678 327 Winier
1713 281 1886 336 nahen,
1925 282 2031 326 aber
2069 281 2143 326 die
2180 281 2266 326 See

306 362 401 409 beve·
405 378 483 424 ege
515 363 611 408 si'ch
643 366 789 422 wenig
817 362 912 406 und
942 364 1005 403 sei
1035 359 1356 403 be5(hivcrlich
1385 356 1490 404 z'um
1518 361 1722 414 Rudern,
1751 375 1885 421 segen
1912 365 1998 419 sie¹
2022 365 2085 407 sie
2113 359 2265 407 werde

305 444 412 486 nich
414 452 433 485 t
463 443 628 486 eimnal
658 442 803 483 durch
831 441 1010 485 winde
1030 438 1147 482 sehr
1175 444 1224 482 in
1251 440 1357 483 Beu
1347 456 1507 499 cgung
1533 447 1711 498 gesetzt.

306 739 413 796 Cap.
445 738 554 781 XV.
583 761 606 769 -
645 751 665 779 e
695 739 842 793 quibus
873 740 1046 794 legatus
1085 740 1130 779 in
1159 739 1436 792 sanguinem,
1473 743 1731 794 procurator
1768 739 1824 779 in>
1848 737 1960 779 bona
1999 738 2180 779 saeviret
2219 757 2265 767 —

417 819 591 860 alterius
619 830 779 869 manus,
807 820 1062 862 centurionis
1082 818 1266 860 alterius
1295 829 1456 870 servos,
1484 818 1567 858 vim
1597 824 1635 857 et
1665 819 1939 860 contumelias
1967 816 2168 857 miscere..

414 996 547 1056 Hanc
577 997 673 1042 cod.
701 998 806 1043 Vat.
835 999 1105 1056 scripturam
1134 1009 1296 1055 parum
1324 994 1514 1040 feliciter
1542 994 1743 1039 defendit
1761 994 1965 1050 Dronke,
1994 1008 2130 1055 quem
2147 991 2262 1038 vide.

301 1077 461 1119 Lectio
485 1079 583 1120 edd.
604 1085 706 1121 vett.
728 1080 903 1120 alterius
924 1092 1090 1128 manus,
1106 1079 1374 1120 centuriones
1402 1081 1579 1119 alterius
1606 1080 1696 1119 vim
1715 1084 1795 1117 etc.
1815 1076 2050 1117 durissima
2069 1081 2148 1117 est.
2163 1075 2264 1116 Pri-

301 1169 429 1197 mum
440 1161 645 1206 notiones
656 1172 808 1200 manus
819 1165 861 1198 et
873 1160 1140 1200 centuriones
1150 1170 1312 1213 parum
1322 1159 1511 1199 invicem
1521 1157 1605 1199 sibi
1626 1156 1913 1215 responden13
1935 1154 2095 1197 deinde
2118 1152 2262 1195 offen-

300 1238 475 1276 sionem
506 1235 662 1290 habet,
692 1238 812 1295 quod
850 1240 978 1294 prius
1016 1240 1191 1280 alterius
1233 1236 1289 1278 ad
1325 1245 1615 1293 procurator,
1654 1238 1774 1295 quod
1814 1236 2059 1278 secundum
2096 1234 2261 1285 locum,

298 1318 520 1370 posterius
561 1316 616 1357 ad
658 1319 847 1373 legatuS,
885 1317 1007 1373 quod
1044 1319 1247 1373 primum
1285 1315 1435 1357 locum
1476 1324 1627 1368 tenet,
1677 1315 1965 1358 referendum
2014 1313 2144 1356 nobis
2182 1321 2260 1355 est.

297 1391 691 1449 Acquiescendum
719 1408 871 1437 tamen
901 1403 994 1438 erat
1024 1399 1072 1438 in
1101 1394 1186 1437 hac
1214 1394 1405 1437 lectione
1433 1395 1623 1452 vulgata,
1653 1395 1760 1437 dum
1792 1394 1889 1438 cod.
1925 1393 2026 1439 vat.
2056 1392 2260 1435 nondum

299 1480 501 1515 accurate
539 1487 749 1515 excussus
774 1480 880 1515 erat.
919 1497 964 1505 —
991 1474 1091 1530 Ego
1112 1488 1299 1531 quoque,
1329 1474 1448 1531 quod
1477 1489 1598 1516 nunc
1627 1490 1652 1517 a
1679 1473 1883 1517 Beckero
1913 1471 2082 1516 factum
2118 1472 2261 1524 video,

298 1549 356 1590 ob
386 1550 578 1592 similem
614 1551 766 1592 locum
794 1551 918 1593 Anu.
948 1552 1080 1602 XIV,
1108 1552 1177 1592 31.
1205 1558 1280 1602 „ut
1308 1566 1501 1607 regnum
1529 1566 1614 1609 per
1643 1556 1950 1604 centuriones,
1990 1552 2149 1593 domus
2178 1565 2262 1608 per

297 1641 446 1671 servos
476 1628 597 1671 velut
626 1637 754 1686 capta
781 1635 1059 1672 vastarentur
1087 1633 1157 1660 -·-“
1185 1632 1432 1685 scripturus
1463 1645 1604 1673 essem
1633 1633 1809 1673 atterius
1838 1634 2125 1682 centuriones,
2154 1635 2259 1673 alte-

294 1710 387 1750 rius
416 1722 581 1760 servos,
611 1712 917 1761 eiecturusque
946 1708 1095 1760 potius
1127 1720 1289 1748 manus
1317 1720 1451 1763 quam
1480 1722 1644 1761 servos,
1682 1711 1717 1751 si
1748 1708 1903 1750 liceret
1931 1722 2089 1751 vocem
2127 1712 2258 1752 emit-

293 1790 401 1834 tere,
431 1798 541 1840 quae
572 1799 657 1841 qua
686 1782 856 1824 ratione
887 1784 935 1822 in
965 1788 1142 1823 textum
1171 1787 1358 1836 venerit,
1386 1784 1681 1841 probabiliter
1709 1789 1953 1828 monstrari
1981 1801 2076 1828 non
2105 1790 2258 1845 possit.

293 1862 401 1902 Non
410 1864 519 1901 item
530 1862 742 1917 religioni
758 1867 822 1900 est
840 1859 1099 1901 habendum
1111 1862 1379 1905 vocabulum
1401 1866 1617 1921 recipere,
1637 1864 1756 1923 quod
1766 1868 1810 1904 in
1826 1864 1943 1905 libro
1962 1866 2111 1924 aliquo
2125 1866 2260 1919 deest,

293 1946 344 1979 ut
372 1947 527 1981 nostro
566 1942 665 1981 loco
705 1955 848 1982 servos
885 1940 1008 1980 deest
1043 1943 1092 1981 in
1131 1941 1232 1985 edd.
1269 1951 1384 1994 vett„
1420 1947 1589 2000 quippe
1628 1944 1748 1999 quod
1782 1959 1868 2000 per
1893 1945 2128 1987 libran‘um
2166 1962 2260 1988 non

294 2023 513 2060 attentum
552 2016 680 2061 facile
720 2016 928 2061 excidere
958 2021 1168 2075 potuerit.
1228 2019 1361 2064 Adde
1404 2022 1526 2080 quod
1574 2021 1681 2064 Tac.
1720 2038 1848 2065 more
1895 2038 1975 2065 suo
2013 2028 2261 2082 scripsisset

294 2096 474 2142 alterius
503 2098 774 2151 centuriones,
803 2112 947 2143 servos
976 2098 1158 2143 alterius.
1217 2097 1371 2145 Postea
1402 2101 1505 2155 vidi,
1535 2103 1804 2160 scripturam
1823 2102 1918 2147 cod.
1951 2102 2056 2149 Vat.
2085 2107 2261 2149 verissi-

293 2189 415 2217 mam
447 2190 559 2230 esse,
598 2180 684 2219 nisi
714 2178 845 2235 quod,
874 2184 1055 2235 practer
1083 2178 1345 2222 mendosam
1375 2182 1806 2239 interpunctionem,
1843 2169 2083 2240 perperam
2120 2182 2257 2227 habet

294 2259 554 2299 centurionis
581 2271 667 2312 pro
699 2260 951 2308 ceturiones,
979 2258 1373 2315 frequentissimun
1393 2262 1441 2301 in
1462 2261 1571 2303 Mss.
1593 2261 1820 2303 mendum.
1878 2262 2058 2303 Nomen
2087 2279 2257 2320 manus,

293 2332 412 2388 quod
440 2334 640 2377 Gronov.
678 2336 733 2378 ad
763 2336 884 2377 hunc
926 2337 1077 2379 locum
1118 2345 1241 2380 recte
1283 2335 1498 2394 explicuit
1533 2339 1710 2398 (attulit
1740 2340 1829 2383 Cic.
1867 2344 1913 2382 in
1942 2341 2076 2384 Verr.
2106 2341 2255 2399 11‚·1o,

291 2416 502 2464 „comites
531 2412 599 2454 illi
627 2416 695 2454 tui
725 2414 887 2455 delecti
918 2430 1078 2457 manus
1109 2423 1237 2459 erant
1266 2424 1365 2459 tuae
1394 2416 1533 2475 rel.“),
1569 2418 1624 2461 ad
1660 2433 1803 2462 servos
1841 2433 2017 2477 quoque
2056 2419 2256 2463 reseren-

295 2491 426 2544 dum-;
465 2492 672 2536 Britanni
712 2495 997 2535 centuriones
1034 2508 1192 2538 manus
1233 2495 1409 2553 (Arme,
1440 2496 1694 2556 Gehiilfen)
1723 2498 1888 2556 legati„
1908 2513 2056 2542 servos
2096 2514 2254 2542 manus

288 2573 590 2630 procuratoris
621 2570 859 2629 adpellant.
916 2572 1218 2617 Scribendum
1234 2577 1387 2633 igitur:
1417 2578 1596 2621 alterius
1617 2592 1763 2623 manus
1784 2580 2053 2633 centuriones,
2082 2576 2255 2624 olter'ius

288 2663 431 2694 servos
456 2652 544 2693 vim
572 2658 612 2693 et
641 2654 916 2696 contumelias
944 2655 1131 2697 mlscere.
