2574 3443
1126 186 1197 205 v.-
1271 174 1333 219 12
1404 196 1470 207 .-

297 308 388 342 tata
417 304 485 341 sit.
542 302 703 355 Neque
743 300 1049 353 Doederlein,
1088 317 1177 358 quo
1217 312 1399 346 auctore
1440 305 1634 347 Dronke
1674 304 1920 347 semicolon
1969 308 2120 361 posuit
2169 311 2331 362 post*

296 381 522 429 hactenus,
552 376 800 421 audiendus
833 386 923 434 est3
952 395 1171 439 nusquam
1202 385 1347 439 magis
1376 386 1614 437 omittitur,
1642 385 1729 427 nisi
1758 381 1836 426 ubi
1878 381 1990 425 duae
2031 386 2274 427 enuntiati-

295 469 401 500 ones
438 455 665 501 vocabulis
696 472 741 503 eo
769 485 816 493 --
845 474 952 518 quo,
991 466 1109 503 tanto
1137 484 1183 492 —-
1214 469 1374 519 quanto
1425 461 1774 521 conjunguntur.
1844 459 1966 504 Vide
2007 459 2270 506 Ramshorn

292 534 326 594 ξι.
359 537 449 588 155,
479 535 517 589 6,
546 538 655 580 Not.
687 551 724 580 2.
754 539 904 581 Locus
935 539 1091 582 Germ.
1123 538 1162 582 6.
1190 541 1391 593 „consilii
1421 555 1556 599 quam
1592 541 1847 584 formidinis
1887 540 2006 592 re].“,
2042 539 2097 583 ad
2136 529 2270 599 quem

292 625 509 672 provocat
539 618 767 668 Doederl.,
798 632 891 658 non
924 618 1015 658 huo
1045 623 1268 675 pertinet3
1300 622 1400 662 vide
1433 635 1567 677 supra
1598 622 1653 672 ad
1683 636 1720 671 c,
1750 620 1789 661 G.

407 696 692 739 Adverbium
722 700 922 740 hactenus
951 713 1169 754 nusquam
1193 701 1314 756 apud
1337 702 1561 751 Tacitum,
1600 699 1782 742 fortasse
1812 698 1932 755 apud
1961 699 2138 741 nullum
2161 702 2273 741 scri-

291 780 485 829 ptorem,
505 774 724 832 significat
746 779 905 828 adhuc,
934 789 1065 832 usqne
1088 779 1146 818 ad
1177 779 1261 820 hoc
1282 785 1453 835 tempus.
1512 778 1722 822 Occurrit
1743 778 1901 820 Germ.
1931 773 1997 820 25.
2018 776 2141 822 Ann.
2171 777 2273 830 XII,

258 869 268 874 ·
290 850 360 896 42.
390 852 511 904 XIII,
536 853 606 909 47.
636 852 767 906 XIV,
796 854 835 895 3.
867 867 890 910 7
926 853 1048 911 (bis).
1079 854 1145 896 51.
1166 854 1278 908 XV,
1307 855 1374 901 60.
1399 856 1528 907 XVI,
1565 858 1627 899 15.
1651 879 1696 887 —-
1724 855 1851 898 Ann.
1879 856 2001 906 XIII,
2028 858 2098 912 47.
2122 855 2270 908 „Hac-

290 937 421 972 tenus
452 932 578 973 Nero
608 929 787 986 flagitiis
829 938 874 973 et
910 931 1152 974 sceleribus
1192 933 1444 977 velamenta
1484 935 1723 992 quaesivi&
1760 946 2002 989 perperam
2038 938 2268 976 verterunt

291 1006 452 1060 Barth,
494 1008 682 1052 Dureau
724 1009 779 1052 de
817 1009 859 1052 la
901 1009 1055 1063 Malle,
1094 1010 1329 1055 Valeriani
1382 1011 1509 1070 (alias
1561 1011 1871 1054 translationes
1913 1012 2135 1068 inspicere
2175 1026 2267 1054 non

290 1084 460 1146 licuit),
502 1088 628 1132 Nero
668 1103 808 1148 usque
849 1087 906 1132 ad
945 1092 1116 1133 exitum
1154 1089 1405 1135 velamenta
1443 1089 1683 1134 sceleribus
1723 1092 1967 1150 quaesivet3
2005 1089 2105 1133 vide
2141 1089 2266 1134 Ann.

291 1165 422 1218 XIV,
451 1166 519 1210 64.
549 1168 664 1225 Agr.
693 1169 762 1211 45.
791 1192 836 1200 --
865 1169 1035 1211 Nostro
1065 1170 1164 1210 loco
1195 1177 1246 1210 ut
1273 1170 1427 1211 multis
1454 1170 1548 1210 aliis
1580 1169 1775 1227 elliptica
1813 1168 2028 1227 loquendi
2068 1168 2266 1211 formula

289 1252 368 1297 est,
396 1246 518 1288 idem
546 1246 641 1288 fere
671 1246 937 1304 significans,
966 1248 1086 1306 quod
1115 1250 1223 1290 nihil
1264 1252 1384 1291 aliud
1414 1264 1557 1306 quam,
1586 1256 1630 1289 et
1669 1247 1936 1291 vertendum
1975 1262 2082 1298 nur,
2126 1249 2265 1290 nicht-5
2307 1239 2313 1243 “

286 1328 428 1366 weiter
465 1329 544 1368 als.
601 1325 680 1368 Ad
709 1327 834 1368 Ann.
864 1327 995 1379 XIV,
1025 1328 1092 1369 51.
1121 1331 1386 1379 „sciscitanti
1414 1328 1628 1369 hactenus
1666 1327 1973 1384 respondisse“
2010 1327 2186 1368 Ernest.
2215 1330 2263 1368 in

285 1405 433 1445 indice
484 1405 686 1446 adnotat:
726 1404 866 1456 „nihil
899 1407 1033 1456 aliud,
1073 1410 1160 1447 nisi
1199 1407 1325 1449 hoc.“
1382 1408 1558 1450 Eodem
1596 1407 1734 1448 modo
1773 1405 2095 1462 explicandum
2134 1406 2261 1449 Ann.

285 1482 418 1538 XIV,
447 1485 486 1526 ὅ.
526 1484 637 1535 XV,
675 1483 742 1526 60.
774 1485 867 1526 Cic.
906 1486 1011 1527 Nat.
1041 1486 1183 1530 Deor.
1212 1487 1244 1532 I.
1281 1497 1344 1528 10.
1402 1485 1507 1537 „De
1548 1501 1636 1542 quo
1676 1484 1824 1527 dicam
1863 1483 2072 1541 equidem
2107 1483 2260 1539 paullo

285 1569 405 1619 post:
434 1577 555 1604 nunc
586 1571 735 1606 autem
763 1562 978 1606 hactenus
1008 1564 1265 1607 admirabor
1296 1579 1453 1606 eorum
1483 1564 1750 1616 tarditatem,
1780 1565 1856 1620 qui
1885 1562 1990 1606 rel.“
2027 1561 2143 1605 Plin.
2172 1563 2258 1619 lep.

286 1639 387 1691 VH,
417 1640 457 1681 6.
515 1641 753 1691 „Similiter
782 1657 903 1682 nunc.
935 1650 978 1682 et
1006 1644 1250 1698 probatum
1280 1650 1324 1682 et
1354 1650 1597 1697 exceptum
1627 1649 1715 1693 est,
1752 1641 1872 1698 quod
1911 1640 2126 1680 hactenus
2164 1654 2258 1682 non

250 1715 264 1718 ”
285 1722 443 1760 tacui.“
499 1722 528 1759 i.
560 1733 596 1759 e.
627 1719 748 1774 quod
779 1718 994 1759 hactenus
1023 1733 1109 1774 pro
1141 1734 1193 1760 eo
1226 1719 1345 1769 dixi,
1386 1719 1506 1775 quod
1546 1733 1640 1759 non
1677 1722 1809 1769 tacui,
1849 1718 1943 1762 vel:
1984 1718 2104 1775 quod
2142 1718 2258 1761 nihil

283 1796 417 1847 aliud,
447 1810 581 1853 quam
610 1809 704 1836 non
733 1797 862 1836 tacui.
924 1797 1093 1850 Gierig,
1124 1791 1246 1835 hunc
1275 1795 1491 1851 loquendi
1521 1796 1721 1846 modum,
1751 1803 1800 1837 ut
1823 1797 2009 1847 videtur,
2038 1800 2258 1853 ignorans,

282 1875 488 1919 voculam
527 1889 615 1916 non
655 1877 892 1930 expunxit.
951 1874 1110 1914 Nostri
1149 1875 1287 1928 igitur
1316 1873 1405 1914 loci
1435 1871 1545 1913 haec
1567 1878 1634 1913 est
1663 1875 1894 1914 sententia.
1953 1872 2167 1931 Dispecta
2192 1883 2257 1918 est

284 1961 326 1996 et
356 1953 524 2011 Thyle,
555 1966 665 2010 quae
697 1951 912 1992 haetenus
936 1948 1259 2008 appetebatur,
1289 1951 1409 2007 quod
1450 1954 1532 1992 uix
1571 1958 1614 1992 et
1655 1950 1800 1991 hiems
1837 1964 1935 1990 eam
1973 1952 2255 2007 appetebant,

282 2035 371 2074 vel:
401 2047 536 2089 quam
566 2032 681 2072 nihil
712 2032 834 2071 aliud
864 2032 979 2085 (non
1008 2046 1151 2080 naves,
1181 2046 1275 2070 non
1304 2031 1566 2084 animantia)
1600 2033 1686 2070 nisi
1716 2033 1797 2070 nix
1828 2036 1871 2070 et
1901 2029 2045 2071 hiems
2067 2040 2254 2088 appete-

281 2112 369 2153 bat.
426 2113 666 2166 Appetebat
696 2118 760 2151 est
790 2112 1171 2166 appropinquabat,
1200 2107 1287 2151 vid.
1318 2108 1534 2150 Schelleri
1563 2109 1679 2151 Lex.
1716 2107 1788 2150 De
1829 2114 2034 2164 tempore
2073 2109 2252 2167 imperf.

282 2190 382 2236 vide
414 2188 673 2233 Ranishorn
703 2190 735 2244 ᾗ.
771 2187 862 2241 161,
891 2188 941 2241 Il,
973 2198 1011 2240 2,
1040 2187 1092 2246 b)
1124 2187 1183 2246 3).
1214 2213 1259 2221 -
1288 2186 1475 2239 Becker,
1503 2193 1553 2229 ut
1583 2201 1704 2230 nunc
1723 2185 1867 2239 video,
1898 2189 2250 2233 enuntiationem

282 2285 416 2328 quam
454 2271 663 2312 hactenus
701 2276 781 2310 rel.
818 2276 938 2310 recte
980 2268 1226 2318 intellexit,
1266 2266 1344 2308 sed
1385 2266 1429 2307 di
1472 2269 1513 2308 vi
1545 2264 1595 2307 ac
1635 2271 1854 2323 potestate
1886 2269 2004 2306 vocis
2035 2269 2251 2321 hactenus,

279 2349 400 2407 quod
452 2352 654 2405 primum
695 2362 788 2389 esse
827 2348 1003 2397 debuit,
1053 2350 1089 2387 si
1130 2354 1173 2387 et
1214 2346 1310 2387 aliis
1350 2346 1587 2401 probatam
1635 2344 1778 2387 voluit
1829 2347 2248 2400 interpretationem

279 2444 418 2479 suam,
456 2443 513 2470 ne
553 2428 690 2470 verbo
728 2427 911 2484 quidem
942 2428 1149 2483 loquutus
1181 2432 1259 2467 est.
1326 2423 1450 2466 Id'em
1479 2431 1658 2480 praeter
1698 2427 2009 2468 necessitatem
2051 2430 2248 2469 correxit

277 2509 567 2565 appetebant,
602 2522 682 2547 cur
711 2522 804 2547 non
843 2509 978 2547 etiam
1015 2520 1051 2546 c.
1094 2504 1155 2546 18.
1195 2506 1306 2546 ratio
1347 2511 1385 2544 et
1416 2506 1662 2546 constantia
1693 2505 1815 2546 ducis
1846 2505 2248 2547 transvexerunt?

275 2585 491 2630 Broeder.
519 2588 552 2639 §.
588 2582 678 2625 126.
707 2584 979 2627 Ramshorn.
1010 2586 1041 2638 §-
1072 2582 1138 2641 96,
1180 2582 1225 2640 2)
1255 2580 1311 2639 a).
1339 2606 1383 2615 --
1411 2580 1536 2624 Idem
1575 2587 1678 2638 post
1707 2582 2019 2636 remigantibus
2059 2584 2249 2624 semico-

275 2665 354 2709 lon
382 2666 548 2723 pinxit,
577 2663 718 2718 male,
748 2671 791 2706 et
821 2661 1085 2707 antecedens
1116 2669 1159 2705 et
1189 2660 1461 2719 subsequens
1491 2673 1633 2702 accus.
1665 2672 1700 2700 c.
1739 2657 1820 2700 inf.
1858 2657 2025 2716 pendet
2054 2673 2078 2702 a
2106 2660 2245 2704 verbo

272 2745 503 2802 perhibent,
530 2746 560 2786 i.
591 2758 628 2787 e.
658 2744 826 2796 dicunt,
854 2750 1038 2787 narrant
1050 2745 1094 2795 ii,
1123 2745 1199 2800 qui
1229 2741 1295 2783 ibi
1322 2738 1519 2792 fuerunt,
1548 2752 1642 2781 non
1671 2737 1770 2790 alii,
1798 2745 1848 2780 ut
1877 2738 1994 2781 male
2023 2737 2241 2788 Doederl.
