2574 3443
1191 220 1534 281 -103-

370 351 528 407 utique
557 347 703 391 nolint
734 361 827 390 non
854 345 1043 391 haerere
1073 351 1121 391 in
1150 347 1366 391 brevitate
1397 349 1679 404 Corneliana,
1710 356 1753 393 et
1779 347 1968 393 audaces
1997 348 2207 406 Elliptes,
2238 363 2351 410 quae

372 430 636 470 innumerae
664 433 768 469 sunt
800 429 849 468 in
879 427 1028 470 Taciti
1057 429 1250 485 scriptis,
1279 425 1499 488 fastidiosi
1529 428 1813 483 abhorreant,
1842 428 1964 473 hunc
1993 427 2144 471 locum
2187 429 2353 471 misere

370 514 632 551 tractarunt.
689 507 815 551 Ante
843 509 1092 550 universum
1120 492 1404 551 inculcarunt
1446 511 1503 560 in,
1542 509 1825 567 transgressis
1860 513 1909 551 in
1944 516 2218 564 transgressa
2248 523 2352 550 mu-

371 592 537 636 tarunt..
595 587 688 629 Vel
710 601 803 629 uuo
834 586 1046 642 exemplo
1066 587 1308 641 probatum
1339 586 1489 638 velim,
1518 592 1773 644 transgredi
1803 587 1888 629 hac
1908 585 2230 643 significatione
2251 600 2351 627 rec-

373 671 417 706 te
461 664 561 717 dici,
596 681 682 723 pro
722 668 914 715 transire,
954 663 1221 717 transfer-ris
1264 664 1435 709 Merito
1475 664 1706 720 haesitant,
1744 673 1900 709 utrum
1931 666 2079 724 jacies
2127 680 2184 707 an
2223 665 2350 724 fama

375 740 526 786 dicant
556 758 650 788 esse
683 744 828 798 id,‘de
860 757 948 803 quo
981 742 1155 785 dicatur
1185 748 1244 785 est
1275 750 1567 802 tramgressa‚
1597 748 1687 788 sive
1718 752 1872 788 utrum
1893 746 2017 803 sama
2048 744 2260 787 ablativus
2292 747 2350 786 sit

373 836 431 863 an
460 825 772 867 nominativus,
801 847 846 854 -
873 823 965 865 Pro
997 829 1120 863 certo
1162 821 1321 874 habeo,
1361 823 1565 865 codicem
1606 825 1711 866 Vat.
1750 829 1944 880 genuina
1983 824 2114 866 nobis
2157 837 2349 864 servasse

377 900 528 942 Taciti
575 901 725 946 verba.
784 902 829 944 Si
881 903 980 959 quis
1021 901 1257 944 vernacule
1300 901 1471 943 diceret
1510 901 1580 944 vel
1619 901 1852 945 scriberet:
1892 903 2005 954 „Die
2047 903 2221 945 Gestalt
2263 915 2349 945 von

373 993 484 1035 ganz
523 979 788 1026 Britannien
831 978 983 1021 haben
1034 979 1107 1020 die
1145 979 1432 1021 beredtesten
1473 979 1967 1031 Geschichtschreiber,
2017 981 2176 1023 Livius
2215 987 2350 1022 unter

373 1056 462 1099 den
491 1057 623 1110 alten,
649 1057 810 1100 Fabius
840 1057 1053 1100 Rusticus
1093 1065 1227 1099 unter
1258 1058 1348 1100 den
1376 1071 1563 1109 neuern,
1601 1061 1684 1100 mit
1723 1061 1873 1101 einem
1912 1057 2168 1115 liinglichen
2210 1058 2256 1101 V
2259 1062 2349 1100 ier-

374 1136 457 1178 eck
478 1136 591 1178 oder
612 1141 739 1178 einer
752 1137 1018 1194 Doppelaxt
1039 1138 1315 1194 verglichen.
1335 1136 1619 1193 -Allerdings
1641 1136 1717 1178 hat
1739 1151 1783 1179 es
1807 1137 1926 1179 dieso
1941 1137 2114 1180 Gestalt
2133 1136 2251 1179 ohne
2264 1137 2349 1179 Ca-

372 1216 598 1267 ledonien,
628 1217 770 1258 daher
798 1217 899 1258 sind
941 1218 1011 1259 die
1053 1218 1155 1259 dort
1195 1218 1474 1267 Gewesenen
1512 1216 1593 1257 der
1631 1217 1866 1273 Meinung,
1897 1216 2011 1259 auch
2043 1216 2118 1258 das
2151 1215 2346 1259 Ga11ze.“

366 1279 472 1349 'quis
502 1303 709 1337 nostrum
738 1309 831 1336 non
861 1299 1012 1337 statim
1041 1302 1214 1336 teneret
1255 1293 1516 1350 videretque
1558 1296 1774 1336 omissum
1805 1309 1918 1336 esse:
1958 1292 2073 1336 habe
2105 1292 2223 1336 diese
2255 1293 2350 1335 Ge·-

371 1371 505 1415 stalt?
534 1369 721 1416 fortasse
752 1375 899 1425 etiam,
939 1375 975 1416 si
1018 1375 1115 1432 quis
1156 1387 1269 1416 nova
1311 1373 1579 1415 nostratium
1618 1372 1823 1416 vertendi
1852 1374 2027 1416 ratione
2056 1370 2347 1416 reddidisset:

370 1448 510 1493 Auch
538 1453 595 1494 ist
624 1450 724 1506 jene
766 1450 941 1495 Gestalt
981 1450 1101 1494 ohne
1133 1451 1421 1503 Caledonien,
1461 1449 1603 1492 daher
1643 1450 1757 1493 auch
1799 1451 1875 1493 das
1916 1452 2069 1494 Ganze
2124 1450 2194 1491 die
2236 1451 2346 1506 Sage

371 1531 428 1570 ist
458 1529 546 1572 den
576 1529 1163 1589 Hinuebergeschrittenen.
1222 1531 1408 1572 Tacitus
1440 1544 1529 1571 eam
1550 1531 1708 1587 faciem
1741 1532 1899 1572 habere
1931 1531 1997 1572 vel
2031 1545 2077 1570 ea
2107 1534 2224 1579 facie
2253 1544 2347 1580 esse,

374 1610 494 1667 quod
525 1625 584 1652 ex
612 1612 978 1652 antecedentibus
1009 1627 1091 1668 per
1122 1626 1166 1653 se
1197 1612 1538 1667 intelligeretur,
1571 1614 1733 1651 iterare
1763 1609 1923 1654 noluit.
1984 1608 2254 1665 Transgrtdi
2281 1608 2346 1653 le-

373 1691 585 1744 gitimum
607 1690 792 1730 verbum
818 1698 881 1730 est
902 1691 956 1730 de
980 1694 1045 1739 iis,
1076 1694 1153 1745 qui
1181 1697 1304 1731 trans
1328 1703 1453 1729 mare
1477 1689 1549 1730 veI
1581 1696 1701 1730 trans
1731 1687 1903 1731 flumen
1931 1688 2001 1732 vel
2024 1695 2146 1729 trans
2170 1693 2345 1728 montes

370 1769 419 1808 in
448 1774 617 1809 terram
648 1767 842 1823 aliquam
873 1774 1112 1819 venerunt3
1153 1781 1189 1809 c.
1226 1766 1285 1808 18.
1317 1774 1612 1821 transgressus
1640 1767 1884 1823 Agricola,
1903 1780 1940 1811 c.
1967 1765 2032 1808 24.
2061 1780 2168 1809 nave
2194 1767 2346 1823 prima

371 1853 688 1902 transgressus.
747 1842 866 1886 Voci
886 1842 1017 1900 fama
1048 1843 1134 1894 hic,
1164 1848 1213 1883 ut
1243 1842 1396 1883 multis
1428 1842 1524 1882 aliis
1553 1843 1663 1882 locis
1693 1843 1800 1899 (vid.
1832 1843 2028 1885 indicem
2053 1847 2099 1885 in
2124 1844 2212 1886 fine
2236 1845 2343 1888 Tac.

359 1939 446 1980 ·0p.
478 1923 548 1968 ed.
577 1922 707 1979 Ern.)
738 1921 1003 1978 significatio
1034 1925 1149 1962 inest
1180 1920 1395 1977 opinandi
1438 1919 1573 1960 simul
1615 1926 1659 1960 et
1696 1919 1923 1971 narrandi,
1962 1927 2012 1961 ut
2050 1935 2181 1977 saepe
2223 1922 2341 1978 apud

372 2002 609 2045 Caesarem
649 2001 846 2058 aliosque
883 2015 967 2057 per
1007 1999 1197 2057 figuram
1240 1999 1284 2040 ἓν
1327 1994 1402 2040 διὰ
1448 1994 1581 2039 δυοῖν
1622 1998 1897 2052 conjunctim
1936 1998 2101 2054 legitur
2140 2003 2341 2057 opinione

362 2082 581 2140 famaque.
639 2082 800 2138 Neque
830 2081 1001 2130 Livius,
1031 2093 1175 2136 neque
1208 2079 1366 2120 Fabius
1408 2077 1628 2128 Rosticus‚
1666 2080 1842 2133 opinor,
1882 2081 1930 2119 in
1970 2077 2204 2119 Britannia
2243 2079 2341 2130 fuit,

372 2168 415 2202 et
445 2163 602 2201 notitia
633 2159 751 2200 illius
780 2149 948 2200 insulae
981 2173 1039 2199 ex
1069 2157 1397 2198 narrationibus
1428 2170 1598 2207 eorum,
1639 2160 1714 2213 qui
1755 2157 1817 2197 ibi
1859 2155 2051 2206 fucrant,
2091 2155 2339 2198 haurienda

371 2247 477 2281 erat.
507 2264 551 2306 τ
580 2239 653 2280 De
684 2239 924 2295 ellipsibus,
954 2254 1144 2294 quarum
1176 2240 1371 2292 cognitio
1401 2239 1589 2278 maximi
1628 2242 1694 2277 est
1722 2237 1943 2277 momenti
1983 2234 2038 2276 ad
2088 2242 2338 2278 accuratam

370 2319 576 2361 Taciteae
607 2320 821 2360 orationis
863 2318 1214 2374 intelligentiam,
1253 2314 1436 2357 uberius
1473 2321 1602 2373 atque
1644 2315 1890 2357 accuratius
1921 2326 1994 2355 me
2038 2311 2197 2365 dicere,
2255 2328 2337 2357 nec

367 2404 545 2455 tempus
575 2410 659 2439 nec
697 2396 822 2439 locus
861 2400 1044 2453 patitur.
1104 2396 1193 2438 Hic
1232 2398 1371 2452 igitur
1401 2401 1444 2435 et
1468 2392 1583 2435 infra
1614 2407 1651 2434 c.
1688 2407 1751 2451 ¹9·
1783 2405 1851 2450 27.
1883 2390 2099 2434 nonnulla
2130 2394 2337 2451 exempla

369 2476 531 2519 afferre
565 2479 668 2518 satis
696 2474 888 2517 habebo.
920 2500 964 2506 -

484 2556 641 2598 Germ.
672 2570 708 2596 c.
742 2566 779 2610 5.
809 2552 1131 2611 „(Germania)
1163 2567 1379 2610 pecorum
1409 2550 1610 2602 fecunda,
1650 2551 1727 2592 sed
1757 2550 2025 2608 plerumque
2047 2553 2337 2607 imp1·ocera.“

364 2636 606 2693 lmproccra
636 2633 870 2676 accusandi
901 2648 1024 2674 casus
1056 2640 1141 2684 est,
1172 2649 1227 2674 cx
1257 2632 1476 2685 adjectivo
1498 2630 1700 2688 fecunda
1729 2629 1915 2672 verbum
1948 2631 2228 2672 transitivum
2257 2631 2336 2672 eli-

366 2719 591 2766 ciendum,
619 2720 671 2755 ut
701 2727 795 2764 1105,
824 2729 964 2770 quum
996 2712 1205 2754 dicimus:
1237 2727 1281 2754 es
1312 2715 1368 2753 ist
1399 2709 1523 2751 reich
1554 2724 1610 2751 an
1639 2708 1776 2759 Vieh,
1819 2709 1925 2751 aber
1965 2711 2175 2751 meistens
2220 2710 2335 2753 klei-

364 2810 454 2846 nes,
495 2796 765 2851 cogitatione
816 2792 1101 2849 supplemus:
1152 2790 1228 2833 hat
1270 2801 1327 2842 es',
1364 2790 1517 2845 bringt
1554 2803 1599 2830 es
1637 2787 1815 2831 hem-or.
1875 2787 2045 2829 Similia
2085 2793 2333 2832 sexcenties

362 2873 489 2917 nobis
521 2872 676 2916 audire
706 2872 825 2917 licet.
885 2870 1097 2915 Absurde
1129 2870 1175 2914 F.
1205 2870 1263 2913 A.
1294 2867 1441 2911 Wolf
1464 2867 1739 2925 (dormitavit
1770 2865 2019 2923 Homerus)
2060 2867 2115 2907 ad
2145 2867 2267 2910 Ann.
2306 2868 2337 2919 I,
