2574 3443
368 286 654 349 arbitrioque,
682 292 813 329 utens
856 284 1216 345 rempublicam,
1260 295 1481 347 quatenus
1520 289 1577 334 ad
1625 303 1731 333 eum
1781 294 2001 351 pertinet,
2056 293 2353 347 administrat}

366 366 548 413 Nervae
597 367 696 406 seni
732 367 828 408 vim
865 363 1057 409 defuisse
1098 367 1379 425 imperandi,
1423 366 1609 412 historia
1642 376 1839 412 testatur.
1910 369 1969 413 U.
2006 370 2039 414 Ι.
2078 372 2140 416 H.
2176 375 2351 421 Becker

364 444 430 500 V.
469 444 545 501 D.,
585 447 857 489 novissimus
895 442 1032 488 huius
1069 444 1214 488 libelli
1262 446 1430 505 editor,
1460 451 1735 508 scripturam
1767 450 1868 496 cod·
1912 448 2020 498 Vat.
2065 455 2115 495 in
2155 460 2349 514 textum,

365 539 502 585 quem
540 531 725 580 vocant,
754 528 967 582 precepit,
1026 525 1103 567 sed
1148 534 1414 582 argumenta
1462 527 1556 586 ejus
1610 532 1735 571 inani
1786 533 1995 573 nituntur
2036 529 2346 577 fundamento.

366 605 490 650 Cum
521 604 618 646 aliis
649 603 802 646 multis
845 601 958 645 falso
997 607 1233 660 opinatur,
1266 604 1480 648 Tacitum
1527 611 1702 650 vivente
1752 608 1906 652 Nerva
1937 608 2054 652 hanc
2086 614 2221 652 vitam
2246 612 2349 654 edi-

367 686 493 730 disse.
562 683 719 726 Nerva
759 698 829 729 m3
869 682 966 725 Jan.
1009 686 1118 725 anni
1164 684 1227 741 96
1274 700 1321 742 p.
1355 685 1466 732 Chr.
1507 691 1816 746 principatum
1858 693 2040 746 accepit,
2076 698 2117 732 et
2158 690 2249 749 jam
2284 707 2346 739 m.

367 766 468 810 Jan.
500 766 609 806 anni
636 760 715 818 98,
747 760 947 820 Trajano
979 765 1134 819 paucis
1168 769 1269 805 ante
1290 764 1520 806 mensibus
1542 766 1767 825 adoptato,
1800 775 2007 811 mortuus
2031 776 2105 811 cst.
2142 769 2347 825 (Heeren

363 844 490 892 Hdb.
540 843 582 886 d.
608 837 770 883 Gesch.
810 839 853 884 d.
886 839 1074 882 'Staaten
1119 840 1163 887 d.
1205 838 1326 900 Alt.)
1406 841 1590 885 Tacitus
1629 847 1792 902 igitur,
1838 860 1940 889 meo
1987 848 2170 906 quidem
2201 863 2348 908 sensu,

362 951 458 979 non
496 930 766 985 scripsisset:
800 929 942 984 primo
983 929 1135 971 statim
1173 928 1409 972 beatissimi
1445 931 1600 973 saecuti
1634 955 1680 963 --
1717 933 2020 984 miscuerit,
2041 933 2141 976 sed:
2194 950 2348 993 quam-

363 1028 496 1074 quam
529 1007 681 1054 Nerva
724 1007 890 1051 caesar
926 1021 993 1051 res
1032 1009 1135 1051 olim
1175 1009 1466 1053 dissociabiles
1503 1011 1752 1066 misceat3
1794 1009 1955 1054 deinde
1996 1011 2179 1066 Traiani
2213 1027 2349 1071 pror-

358 1112 434 1141 sus
473 1108 570 1138 non
600 1090 775 1134 fecisset
803 1094 1094 1147 mentionem,
1127 1105 1183 1133 ne
1213 1100 1312 1136 tum
1354 1092 1551 1151 quidem,
1581 1095 1628 1134 ni
1659 1090 1811 1150 fallor,
1842 1096 1879 1135 si
1904 1108 1964 1135 m.
1995 1092 2112 1138 Nov.
2136 1096 2209 1139 vel
2233 1096 2348 1145 Dec.

358 1179 468 1220 anni
501 1176 565 1220 97
597 1179 701 1230 post
733 1171 1069 1229 adoptationem
1104 1173 1377 1229 scripsisset;
1411 1179 1536 1228 tum,
1569 1174 1720 1229 primo
1761 1173 1828 1214 ve]
1862 1173 2057 1215 secundo
2090 1187 2210 1217 anno
2242 1182 2348 1233 post

355 1253 609 1299 Domitiani
658 1255 856 1291 mortem
897 1248 1103 1291 nondum
1137 1249 1334 1305 dixisset,
1369 1263 1482 1308 quae
1528 1249 1666 1307 paulo
1709 1247 1830 1291 inira
1860 1249 2075 1306 legimus:
2118 1251 2347 1307 „tardiora

354 1342 461 1379 sunt
496 1330 709 1385 remedia,
743 1343 881 1388 quam
911 1329 1046 1386 mala,
1076 1353 1140 1362 --
1170 1331 1350 1386 ingenia
1384 1329 1618 1388 studiaque
1654 1332 1931 1387 oppresseris
1970 1327 2163 1387 facilius,
2204 1345 2345 1389 uquam

355 1414 686 1467 revocaveris3»
720 1409 928 1466 denique,
957 1408 1079 1467 quod
1109 1423 1255 1451 unum
1285 1406 1409 1451 huno
1442 1423 1647 1451 errorem
1680 1405 1860 1465 refellit,
1897 1408 2005 1451 Tac.
2046 1424 2137 1451 non
2160 1408 2346 1453 dixisset

355 1510 393 1541 c,
432 1490 512 1540 44.
546 1490 701 1533 Nerva
729 1489 1048 1547 praetermisso
1119 1486 1269 1530 »Nam
1312 1490 1443 1530 sicuti
1474 1488 1640 1530 durare
1679 1491 1731 1531 in
1767 1486 1852 1531 hac
1887 1487 2129 1530 beatissimi
2176 1488 2342 1530 saeculi

352 1574 468 1630 luce,
503 1587 553 1615 ac
582 1573 841 1629 principem
872 1565 1127 1626 Trajanum
1168 1567 1336 1621 videre,
1370 1566 1494 1624 quod
1537 1569 1728 1623 augurio
1772 1571 1976 1624 votisque
2017 1565 2139 1625 apud
2168 1574 2343 1610 nostras

352 1667 484 1698 aures
524 1647 856 1695 ominabatur.»
934 1644 1002 1687 lbi
1042 1648 1289 1686 rectissime
1326 1642 1540 1685 Dronke:
1581 1643 1826 1686 «Ceterum
1854 1658 1948 1687 non
1978 1651 2090 1703 puto
2133 1641 2340 1702 Agrico·-

348 1732 442 1777 lam
471 1730 725 1778 credidisse,
762 1725 1017 1781 Trajanum
1048 1726 1304 1781 principem
1347 1737 1374 1765 a
1405 1736 1450 1763 se
1490 1724 1640 1764 visum
1673 1725 1744 1778 iri,
1778 1723 1854 1765 sed
1884 1725 2072 1766 omnino
2101 1723 2341 1766 meliorem

347 1811 613 1871 principem
654 1810 926 1860 auguratum
963 1813 1056 1840 esse
1098 1807 1232 1855 atque
1263 1806 1504 1856 exoptasse
1546 1807 1591 1840 et
1624 1800 1709 1841 sibi
1752 1808 1795 1842 et
1835 1805 1975 1852 suis.»
2050 1800 2339 1861 Quamquam

346 1888 467 1933 hanc
498 1887 638 1928 vitam
676 1896 773 1924 non
796 1893 902 1922 cum
921 1876 1136 1921 Doederl.
1174 1874 1227 1918 V.
1258 1875 1318 1917 D.
1351 1876 1574 1932 ultimam,
1600 1878 1676 1921 sed
1698 1885 1801 1921 ante
1833 1878 2058 1922 Historias
2092 1887 2135 1922 et
2164 1878 2338 1924 Anna-

344 1969 410 2014 les
445 1966 662 2011 Tacitum
692 1961 920 2019 scripsisse
961 1963 1093 2014 atque
1138 1955 1322 1997 edidisse
1363 1958 1587 2013 existimo,
1629 1961 2025 2016 persuasissimum
2063 1965 2217 2002 tamen
2246 1957 2338 2002 ha-

342 2045 455 2104 beo,
493 2058 595 2086 eam
632 2055 729 2083 non
770 2046 874 2081 ante
925 2049 1100 2078 annum
1137 2038 1427 2076 centesimum
1477 2049 1523 2094 p.
1566 2036 1677 2082 Chr.
1729 2052 1822 2079 esse
1860 2041 2094 2095 scriptam.
2166 2037 2337 2098 Traja-

344 2142 431 2170 nus
476 2138 595 2167 anno
636 2123 821 2163 demum
870 2120 934 2161 99
977 2117 1227 2173 Imperator
1276 2116 1473 2157 Romam
1522 2121 1647 2158 venit
1698 2131 1758 2158 ex
1801 2118 2073 2172 Germania,
2118 2125 2162 2158 et
2198 2118 2335 2169 Tac„

344 2221 483 2265 quem
515 2201 644 2246 nullo
678 2207 810 2256 pacto
843 2197 1125 2239 adulatorem
1163 2196 1357 2250 cogitare
1390 2194 1505 2252 lieet,
1541 2203 1584 2238 et
1630 2199 1709 2253 qui
1748 2194 1864 2237 bene
1895 2193 2087 2250 sciebat,
2119 2195 2167 2239 id
2211 2196 2336 2253 quod

340 2288 477 2330 etiam
508 2292 742 2339 nuperum
774 2275 1026 2319 Domitiani
1065 2272 1331 2331 exemplum
1364 2271 1589 2330 docuerat,
1619 2273 1691 2316 vel
1728 2276 1944 2332 pessimos
1978 2275 2207 2333 principes
2228 2276 2334 2332 pri-

339 2377 418 2407 1110
450 2361 647 2419 imperio
680 2355 822 2399 bonos
862 2367 1192 2411 nonnunquam
1222 2365 1327 2406 esse,
1360 2358 1479 2393 certe
1514 2352 1674 2408 videri,
1704 2349 1821 2394 hanc
1856 2366 1916 2394 ex
1946 2366 2024 2395 ore
2058 2350 2151 2411 ejus
2174 2354 2335 2394 maxi-

347 2456 474 2485 mam
516 2438 699 2481 laudem
740 2450 834 2477 non
853 2433 1087 2476 tribuiseet
1118 2431 1329 2489 Trajano,
1374 2434 1460 2472 nisi
1491 2432 1567 2473 ille
1609 2446 1694 2489 per
1735 2431 1881 2491 majus
1922 2434 2139 2489 temporis
2185 2434 2332 2489 spati-

338 2535 422 2565 um
451 2519 769 2575 dignissimum
812 2529 866 2561 ea
907 2527 958 2559 se
994 2511 1282 2572 praebuisset.
1351 2510 1562 2567 „Etenim
1593 2514 1803 2568 memini,
1849 2519 1959 2554 tunc
1992 2514 2223 2554 verissime
2250 2510 2331 2570 ju-

338 2601 496 2655 dicari,
541 2598 764 2638 meruerit
805 2597 906 2651 quis
947 2592 1192 2648 honorem,
1234 2605 1317 2634 nec
1358 2604 1429 2645 ne,
1470 2605 1613 2647 quum
1653 2590 1841 2647 adeptus
1882 2590 1990 2632 est.“
2067 2586 2185 2629 Plin.
2219 2588 2330 2636 Pan.

340 2683 421 2742 95.
492 2674 724 2735 Trajanus
760 2673 852 2734 jam
885 2680 1016 2715 antea
1060 2673 1238 2730 quidem
1268 2672 1543 2726 conspicuus
1577 2676 1673 2711 erat
1714 2669 1809 2711 dux
1843 2668 2057 2722 militum,
2101 2668 2176 2709 sed
2206 2668 2331 2710 aliud

337 2767 403 2803 est
440 2758 617 2798 bonum
645 2755 864 2808 militem,
894 2753 1017 2794 aliud
1060 2751 1229 2792 bonum
1262 2753 1522 2807 principem
1551 2751 1688 2794 esse.“
1755 2747 1934 2791 Enituit
1964 2747 2125 2804 aliquis
2144 2750 2194 2792 in
2222 2746 2330 2789 bel-

353 2854 381 2885 o
412 2838 488 2882 sed
523 2833 744 2879 obsolevit
790 2836 842 2878 in
861 2832 1017 2893 pacef}
1085 2830 1200 2878 Plin.
1232 2831 1342 2876 Pan.
1376 2827 1425 2877 4.
