2574 3443
466 113 488 118 ’
1003 129 1076 148 ..-
1141 106 1211 154 27
1276 128 1347 144 --

172 234 671 294 nisimgimncAnn.
705 234 759 289 11,
795 235 864 279 53.
892 235 961 279 58.
1006 233 1080 287 111,
1115 234 1186 292 67.
1225 236 1305 280 IV.
1343 234 1384 278 6.
1423 211 1492 279 66.
1532 235 1613 288 w,
1653 248 1719 294 ις.
1753 235 1857 288 ΧΠ,
1899 249 1965 278 n.
1998 234 2162 279 12.23.

82 295 111 385 '⁴
139 352 141 354 ,
183 314 321 367 XIV,
347 314 418 372 47.
438 314 577 367 XVI,
622 307 724 371 162),
763 313 842 362 sed
883 304 1020 355 etiam
1038 299 1236 355 'nomini
1270 314 1556 356 substantivo·
1591 314 1714 357 Ann.
1759 314 1811 366 Π,
1855 315 1920 357 13.
1955 312 2162 366 „dm-etur

186 396 376 451 pugna!
402 392 482 445 VI,
510 393 552 436 8.
581 390 807 444 „defensio
838 390 1052 434 dabitur.“
1080 391 1210 445 XVI,
1237 392 1306 435 33.
1334 391 1491 445 „datur
1518 395 1686 449 mortis·
1705 392 1980 438 arbitrium!
2027 391 2160 451 Virg-

186 472 306 517 Aen.
330 472 382 524 H,
410 469 507 515 656.
535 472 682 524 „Nam
709 469 832 528 quod
860 468 1098 534 consilium
1127 476 1202 513 aut
1231 485 1341 528 quae
1370 470 1462 525 jam
1490 469 1672 513 fortuna
1701 469 1941 514 dabatur&

300 551 349 596 Si
377 553 475 609 quis
504 558 640 594 tenue
669 548 912 594 discrimen
940 548 1121 606 indaget
1156 550 1274 593 inter
1302 549 1413 593 haec
1443 548 1652 607 exempla
1681 555 1725 600 et
1753 555 1959 594 nostrum
1995 547 2161 602 locum,

165 633 224 674 -is
254 630 384 683 dicat,
414 629 607 688 figuram
637 628 734 672 ἀπὸ
768 628 934 672 κοινοῦ
969 641 1074 680 esse,
1103 642 1190 686 qua
1216 628 1331 671 nihil
1359 629 1578 686 vulgatius
1608 629 1729 687 apud
1759 629 1984 692 Tacitum
2042 629 2161 671 Sen-

187 713 326 754 tentia
353 712 491 766 igitur
529 715 614 751 est:
653 708 832 766 quando
871 706 1024 750 licebit
1059 706 1187 749 nobis
1226 707 1403 751 hostem
1453 711 1644 761 vincere,
1684 707 1941 765 profligare,
1980 706 2158 766 quando

186 793 389 833 animum
419 786 615 844 explere,
645 785 893 828 ostendere.
948 783 1100 827 Wolf.
1129 785 1185 827 ad
1211 785 1335 833 Ann.
1363 787 1397 840 Ῑ,
1426 788 1494 830 51.
1534 790 1684 830 avidas
1723 790 1919 844 legiones,
1958 786 2158 844 explica-

185 871 357 910 tionem
386 866 597 921 subjecit:
625 866 758 918 „Non
796 872 889 907 tam
915 859 1121 921 praedae,
1150 879 1282 922 quam
1312 866 1469 909 caedis.
1535 867 1653 910 Iram
1681 866 1926 920 effundere,
1955 868 2157 909 animum

185 945 370 1004 explere
400 944 645 988 volebant.“
675 944 833 988 Germ.
867 941 933 987 14.
962 955 1146 994 „vocare
1178 942 1327 986 hostes
1357 951 1402 986 et
1430 945 1614 988 vulnera
1642 949 1844 988 mereri.“
1894 946 2039 1002 Spero
2072 946 2156 1002 igi·

183 1033 261 1069 tur
288 1023 401 1077 sore,
426 1032 478 1067 ut
506 1026 635 1082 aequi
662 1022 847 1079 judices,
873 1036 976 1066 meo
1007 1020 1301 1080 qualicunque
1329 1027 1583 1082 patrocinio
1615 1029 1843 1078 commoti,
1868 1010 2026 1068 vocem
2061 1025 2155 1066 ani-

184 1119 284 1149 mus
313 1119 372 1145 ex
400 1088 707 1145 trecentorum
736 1116 959 1144 annorum
986 1105 1124 1146 exilio
1154 1108 1204 1147 in
1232 1106 1385 1147 sedem
1415 1119 1541 1146 suam
1570 1111 1807 1156 revocent,
1845 1117 1934 1160 quo
1962 1102 2080 1144 facto
2110 1108 2155 1142 et

185 1186 412 1241 sequentia
440 1190 545 1225 vota
575 1184 794 1233 virtusque
823 1184 869 1223 in
889 1190 1053 1238 aperto,
1080 1197 1193 1240 quae
1222 1191 1316 1227 tam
1347 1184 1426 1225 diu
1452 1186 1615 1225 misere
1643 1181 1923 1239 languebant,
1950 1180 2066 1222 laeta
2081 1192 2154 1221 re·
2185 1176 2200 1187 “

183 1262 406 1305 ficientur.
463 1260 541 1304 Ad
570 1262 696 1317 prius
727 1264 900 1317 quando
930 1247 1104 1305 dabitur
1134 1265 1270 1306 hostis
1298 1262 1516 1320 Agricola
1542 1261 1805 1320 respondet:
1834 1263 2010 1305 veniunt
2040 1273 2061 1302 e
2089 1259 2154 1302 la-

183 1343 315 1384 tebris
343 1343 431 1383 suis
461 1341 638 1389 extrusi,
666 1338 723 1379 ad
751 1342 972 1395 posterius
1013 1343 1183 1398 quando
1214 1346 1382 1384 animus
1420 1341 1683 1399 respondet:
1721 1349 1827 1383 vota
1858 1343 2081 1396 virtusque
2108 1341 2156 1381 in

184 1417 354 1478 aperto.
418 1418 526 1461 Vota
555 1421 782 1474 virtusque
808 1432 894 1475 per
923 1418 1114 1476 figuram
1154 1420 1201 1462 ἓν
1231 1416 1305 1463 διά
1340 1416 1473 1463 δυοῖν
1501 1420 1695 1473 dictum3
1724 1426 1836 1471 vota,
1862 1426 1914 1462 ut
1941 1421 2155 1461 virtutem

184 1497 418 1541 ostendere
447 1499 660 1553 possetis3
687 1496 770 1547 vel,
799 1500 952 1549 virtus,
982 1498 1106 1552 cujus
1137 1500 1434 1541 ostendendae
1466 1502 1641 1555 copiam
1670 1502 1718 1539 in
1757 1501 1871 1540 votis
1909 1496 2155 1538 habebatis.

181 1576 309 1620 Idem
337 1582 416 1625 est,
443 1576 481 1615 si
510 1574 633 1625 dicis,
662 1573 881 1630 syllabam
911 1590 988 1632 que
1016 1580 1110 1619 vim
1156 1577 1414 1635 explicandi
1447 1577 1640 1630 habere3
1677 1584 1794 1627 vota,
1829 1576 1879 1618 id
1908 1582 1975 1616 est
2002 1576 2158 1624 virtus.

181 1659 228 1699 in
259 1660 427 1713 aperto,
484 1652 606 1697 Vide
634 1653 829 1714 Ruderti
861 1654 918 1694 ad
944 1654 1048 1697 Liv.
1074 1655 1128 1706 II,
1155 1666 1226 1707 42.
1255 1655 1312 1697 ad
1342 1655 1466 1698 Ann.
1494 1655 1528 1706 Ι,
1567 1656 1636 1697 33.
1664 1653 1853 1697 Ramsh.
1889 1651 1921 1710 ἕ.
1966 1666 2058 1710 179,
2103 1649 2155 1704 B,

180 1752 219 1788 a,
248 1736 288 1777 3.
317 1735 351 1787 ᾗ.
383 1731 478 1783 206,
508 1731 558 1782 C,
586 1730 627 1782 4,
655 1745 691 1771 a.
721 1730 891 1783 Zumpt
919 1731 952 1781 ᾗ.
984 1730 1078 1783 738.
1111 1729 1209 1783 (ed.
1239 1728 1328 1786 V.)
1357 1729 1440 1772 Ost
1479 1728 1610 1770 ho'rte
1649 1729 1724 1770 ich
1762 1728 1845 1781 auf
1883 1729 1989 1771 dem
2025 1729 2153 1771 Mar·

179 1813 299 1863 sebe,
328 1823 456 1851 wenn
498 1805 612 1846 euch
651 1805 864 1856 Mox-:iste,
902 1805 1046 1860 Berge
1085 1806 1181 1846 und
1219 1806 1371 1848 Flusse
1423 1806 1723 1864 erschopften,
1764 1807 1853 1848 den
1894 1805 1998 1849 Ruf
2029 1806 2151 1861 jedes

180 1889 405 1947 Tapsern:
433 1885 597 1927 Vxsann
624 1882 738 1924 wird
766 1899 850 1924 uns
880 1882 962 1924 der
989 1883 1022 1925 F
1026 1883 1131 1925 eind
1159 1891 1378 1941 gestattet,
1406 1900 1537 1928 wann
1565 1900 1701 1927 unser
1727 1881 1897 1928 Muth?
1925 1886 1998 1927 sie
2018 1884 2153 1926 koma-

181 1984 288 2014 men
326 1980 403 2008 aus
439 1962 573 2004 ihren
609 1959 1001 2019 Schlupfwinkeln
1038 1960 1448 2020 herausgetrieben,
1485 1962 1581 2005 und
1619 1977 1727 2005 euer
1764 1961 1998 2016 Wunseh,
2044 1975 2152 2004 eure

181 2044 449 2106 Tapferkeit
477 2040 557 2084 hat
585 2039 754 2084 offenes
789 2040 823 2085 F
826 2039 913 2084 eld.

182 2274 291 2334 Cap.
322 2269 554 2317 XXXIV.
587 2269 702 2334 Quos
732 2270 845 2328 quod
883 2274 1061 2316 tandem
1090 2271 1323 2324 invenistis,
1350 2284 1437 2315 non
1465 2271 1735 2323 restiterunt,
1774 2268 1849 2312 sed
1888 2267 2150 2326 deprehensi

268 2350 393 2407 sunt,
418 2355 652 2395 novissi-me
680 2355 727 2393 id
755 2359 815 2393 est
844 2359 1032 2394 extremo
1056 2359 1171 2396 metu
1200 2366 1388 2408 corpora
1418 2350 1597 2408 defixere
1625 2353 1767 2392 aciem
1797 2353 1842 2391 in
1881 2351 1950 2391 his
1977 2361 2052 2390 ve·-

412 2432 569 2485 stigiis,
596 2432 641 2470 in
681 2432 838 2486 quibus
862 2430 1092 2486 pulchrah
1121 2437 1162 2472 et
1189 2431 1449 2487 spectabilem
1477 2431 1702 2472 victoriani
1730 2431 1912 2472 ederetis.

297 2594 363 2638 Ita
401 2591 619 2636 exhibent
660 2592 760 2635 edd.
797 2598 926 2645 vett.;
960 2594 1010 2634 in
1048 2590 1146 2636 cod.
1184 2581 1292 2635 Vat.
1323 2590 1491 2649 legitur
1519 2593 1744 2635 novissime
1772 2607 1842 2635 res
1881 2598 1926 2633 et
1955 2597 2145 2633 extremo.

184 2673 333 2728 Quam
360 2671 502 2714 multa
533 2677 576 2713 et
606 2673 737 2724 valia,
764 2676 816 2713 ut
839 2667 1021 2722 videbis,
1049 2668 1215 2714 frustra
1243 2672 1392 2713 conati
1421 2672 1509 2712 sint
1539 2671 1807 2727 interpretes
1825 2669 1881 2714 ad
1900 2668 2148 2716 sanandum

183 2751 584 2810 illustrandumque
612 2749 735 2794 hunc
764 2749 915 2793 locum
943 2756 1223 2809 corruptum,
1249 2747 1350 2793 vide
1377 2748 1499 2807 apud
1526 2749 1649 2810 Eva,
1676 2748 1855 2797 Dronk.
1890 2749 2032 2796 Haud
2049 2763 2150 2793 me-
