2574 3443
1132 99 1475 166 —24ff

323 228 534 276 ferendae
564 240 678 283 sunt,
706 246 795 273 non
829 231 883 288 ad
908 231 1367 289 compararentur-,ad
1397 240 1518 290 quod
1539 236 1694 274 omnes
1724 233 1992 289 interpretes
2021 231 2288 280 retulerunt.
2331 232 2336 242 “

324 312 591 371 Absurdmn
620 317 709 351 est:
731 308 839 350 hinc
868 317 987 351 terra
1014 317 1057 350 et
1079 309 1221 351 hostis
1253 311 1611 367 comparabatur,
1632 309 1739 351 hinc
1768 316 1921 352 auctus
1945 295 2137 352 oceanus
2167 326 2293 354 com·

324 389 587 449 parabatur,
614 395 858 446 utrumque
888 387 1128 446 utrobique
1163 388 1521 446 comparabatur,
1550 387 1628 431 sed
1668 386 1911 446 augebatur
1939 386 2046 430 hinc
2084 395 2204 432 terra
2246 397 2290 434 et

324 468 479 522 hostis,
508 468 616 511 hinc
646 482 847 511 oceanus.
878 467 939 510 H.
969 467 1019 518 II,
1050 465 1117 524 76.
1148 466 1269 519 „Nec
1300 468 1534 513 Othonem
1565 471 1727 526 quidem
1758 468 1881 510 ducis
1912 475 2019 520 arte,
2047 475 2123 511 aut
2155 483 2289 511 exer·
2328 495 2335 502 ι

328 533 440 591 citus
479 551 537 598 vi,
564 546 643 588 sed
671 560 976 604 praepropera
1006 548 1143 603 ipsius
1187 546 1703 604 desperationevictum,
1739 546 1828 602 jam
1868 546 2208 590 desiderabilem
2249 554 2294 590 et

329 642 544 685 magnum
564 629 821 684 principem
852 609 1112 666 socit.“'Nec
1130 649 1177 656 -
1199 629 1361 682 quidem
1381 627 1437 668 ad
1466 607 1626 670 victum
1648 625 1953 679 referendum,
1972 641 2065 669 non
2104 626 2160 668 ad
2175 628 2295 680 fecit.
2328 652 2331 656 ,

329 707 400 759 III,
417 707 487 765 49.
506 714 578 758 „ut
599 712 769 761 captam
799 703 981 755 Italiam,
1012 712 1060 745 ut
1090 718 1193 747 suas
1222 704 1421 763 legiones
1452 706 1636 750 coleref‘
1664 706 1744 758 IV,
1775 716 1840 763 70.
1868 709 2009 759 „velut
2036 713 2171 763 parto
2210 709 2296 748 im·

330 789 459 843 perio
501 767 773 825 fruebatur.“
804 781 930 822 Anu.
968 783 1000 832 J,
1045 781 1110 838 76.
1151 798 1423 841 „quanquam
1463 787 1538 827 vili
1568 787 1780 839 sanguine
1809 787 1944 826 nimis
1973 784 2205 840 gaudens.“
2234 806 2300 815 --

334 864 620 920 Quamquam
648 859 737 902 hoc
773 862 958 902 tertium
988 875 1080 902 non
1110 866 1320 915 occurrit,
1348 865 1434 905 nisi
1464 877 1567 904 cum
1596 861 1738 905 altero
1768 861 2069 916 conjunctum,
2097 865 2125 903 i.
2157 876 2193 904 e.
2229 864 2300 905 ni-

334 948 372 988 si
399 941 705 1003 praedicatum
735 938 935 993 subjecto
964 943 1273 997 praepositum
1303 945 1372 985 sit.

446 1022 571 1077 Ergo
612 1017 821 1060 Oberlini
863 1017 1114 1076 explicatio¹
1148 1017 1282 1077 hujus
1322 1020 1411 1063 loci
1451 1027 1572 1063 recte
1607 1018 1754 1063 habet.
1823 1018 2035 1062 Ceterum
2079 1016 2208 1073 conf„
2246 1018 2302 1061 ad

337 1116 472 1162 quem
499 1099 654 1141 locum
692 1097 781 1151 jam
811 1101 907 1155 ipse
946 1102 1219 1155 provocavit,
1249 1113 1285 1142 c.
1326 1099 1395 1159 39.
1424 1101 1571 1153 „nulla
1604 1099 1845 1145 verborum
1873 1098 2079 1154 jactantia
2116 1122 2161 1130 —
2199 1112 2304 1143 auc-

340 1184 476 1233 tum“‚
504 1167 595 1235 qua
620 1177 812 1219 lectione
842 1176 959 1219 nihil
999 1181 1158 1219 verius.

341 1452 456 1499 Eod.
486 1451 597 1507 Cap,
632 1448 702 1491 Aa
740 1448 891 1491 manu's
932 1452 975 1491 ἐι
1005 1462 1130 1493 arma
1169 1451 1364 1493 conversi
1402 1449 1673 1493 Caledoniam
1703 1445 1939 1492 incolent'e's
1958 1447 2120 1505 populi,
2149 1452 2311 1506 paratu

564 1541 736 1590 magnq,
764 1529 924 1570 maiore
943 1525 1090 1582 fama,
1118 1530 1185 1570 uti
1212 1543 1304 1571 mos
1333 1535 1393 1571 est
1421 1530 1474 1571 de
1504 1530 1677 1587 ignoti;‚
1707 1541 1988 1586 oppugnasse
2017 1526 2095 1587 111-

806 1613 878 1647 tro
912 1608 1089 1650 castella
1130 1608 1287 1659 adorti,
1304 1592 1478 1660 metam,
1505 1618 1553 1651 ut
1580 1616 1870 1664 provocantes,

1206 1686 1475 1728 addiderant.

463 1858 616 1900 Etiam
643 1854 693 1893 in
719 1849 931 1892 hocloco
962 1852 1057 1891 sine
1087 1848 1432 1892 causalaborant
1464 1850 1569 1894 VV.
1599 1851 1706 1894 DD.
1734 1850 1905 1893 Multas
1933 1857 1978 1892 et
1996 1852 2137 1893 varias
2167 1858 2320 1893 emens

353 1940 554 1982 dationes
595 1939 726 1989 atque
768 1930 1089 1986 explicationes
1127 1929 1228 1971 vide
1259 1932 1317 1971 sis
1359 1929 1479 1986 apud
1513 1929 1829 1981 Ern.,Dronk.
1887 1929 2111 1988 Equidem
2149 1928 2322 1971 lenissi-

353 2034 476 2062 mam
517 2010 701 2055 adhibui
737 2008 974 2050 medelam.
1033 2007 1275 2064 Virgulam
1312 2016 1415 2065 post
1456 2009 1586 2060 ultro,
1622 2024 1712 2067 qua
1758 2023 1936 2060 omnes,
1989 2022 2095 2066 quas
2143 2009 2323 2064 inspexi

359 2098 589 2141 editiones,
619 2094 799 2130 ornatae
838 2093 954 2136 sunt,
984 2085 1139 2136 delevi,
1170 2094 1213 2127 et
1242 2086 1378 2128 verba
1412 2102 1691 2143 oppugnasse
1720 2089 1837 2128 ultro
1868 2087 2049 2128 castella
2086 2088 2228 2126 adorti
2258 2084 2327 2124 di·-

361 2175 501 2217 versis
537 2170 662 2223 typis
702 2163 1060 2206 transscribenda
1090 2167 1264 2217 curavi3
1304 2178 1392 2220 quo
1414 2164 1532 2207 facto
1573 2179 1705 2222 spero
1740 2164 1852 2217 fore,
1882 2171 1932 2206 ut
1966 2166 2108 2220 quivis
2148 2176 2326 2203 sensum

361 2252 513 2295 statim
532 2250 696 2288 teneat.
754 2242 931 2287 Adortiv
954 2245 1247 2301 participium
1290 2245 1443 2285 aoristi
1477 2250 1565 2297 est3
1611 2242 1735 2286 Ann.
1766 2241 1876 2294 XV,
1904 2241 1974 2284 45.
2009 2241 2092 2293 „L.
2118 2240 2329 2283 Pisonem

362 2353 407 2365 ...
453 2341 512 2371 ex
559 2323 808 2381 improviso
852 2322 901 2362 in
942 2322 1103 2363 itinere
1149 2322 1335 2364 adortus
1387 2336 1480 2364 uno
1533 2319 1720 2364 vulnere
1773 2323 1823 2363 in
1873 2326 2070 2363 mortem
2129 2320 2330 2374 adfecit.“

365 2411 465 2454 Liv.
493 2405 544 2458 Π,
568 2400 985 2453 20.·„Va1erium-
1015 2413 1072 2441 ex
1113 2406 1366 2443 transverso
1405 2400 1587 2458 quidam
1620 2399 1802 2442 adortus
1833 2398 2090 2456 transfigit.“
2120 2397 2205 2439 eod
2237 2412 2333 2456 cap.

368 2488 576 2542 „integris
606 2479 872 2537 corporibus
894 2482 1140 2536 animisque
1163 2478 1303 2521 sessos
1335 2469 1477 2522 adorti
1513 2479 1687 2521 exsules
1733 2480 1960 2524 caedunt,“
2016 2479 2333 2521 Nominativus

372 2581 409 2609 c.
438 2560 659 2607 infinitivo
691 2572 717 2600 a
745 2571 853 2602 voce
880 2558 1015 2611 fama
1045 2557 1226 2615 pendet,
1258 2572 1317 2599 ex
1341 2573 1425 2615 qua
1456 2560 1714 2602 dicebantur
1737 2558 1986 2601 eruendum
2015 2563 2093 2598 est.
2151 2556 2224 2598 Sie
2255 2555 2337 2599 ha-

372 2644 463 2688 ben
495 2637 645 2690 selbst,
673 2635 791 2679 hiess
823 2648 882 2691 es,
916 2633 987 2679 die
1016 2635 1216 2680 kastelle
1250 2635 1512 2694 angreifend
1546 2635 1634 2684 den
1667 2636 1812 2695 Krieg
1852 2636 2102 2696 begonnen.
2233 2690 2344 2747 cap-
