2574 3443
1102 58 1174 104 ·3-
1240 37 1443 84 23.—

291 172 375 215 bus
398 166 696 227 infamaverat>
718 168 890 220 Fabius,
917 170 1138 230 ignarum,
1165 173 1210 209 et
1238 181 1328 226 quo
1356 169 1578 209 incautior
1605 165 1901 226 deciperetur,
1927 164 2076 224 palam
2094 168 2250 224 landa-

293 253 424 298 tumst
451 248 513 292 H.
540 247 622 304 IV,
650 249 720 307 39.
749 247 914 305 „Igitur
942 247 1190 298 Mucianus,
1219 248 1322 303 quia
1349 245 1585 304 propalam
1614 248 1812 304 opprimi
1833 246 2061 291 Antonius
2090 230 2250 305 inequi-

291 327 380 380 bat,
417 306 576 370 multis
608 330 658 368 in
697 333 851 372 senatu
888 325 1094 375 laudibus
1133 325 1405 376 cumulatum,
1448 327 1629 366 secretis
1668 328 1907 380 promissis
1936 318 2103 368 onerat'
2139 323 2248 368 rel!

286 407 413 452 'Ann.
441 407 521 459 IV,
549 403 618 451 60.
646 419 799 458 „voces
823 428 868 436 -
897 418 1003 463 quas
1032 403 1223 461 adpositi
1252 404 1454 446 custodes
1475 410 1686 460 exceptas
1715 412 1946 461 auctasque
1974 418 2077 451 cum
2092 402 2247 449 defer-

288 494 391 530 rent
420 487 524 528 rel.“
553 484 804 525 deferentes
845 483 1031 525 demum
1059 482 1289 539 augebant.
1319 484 1418 526 Liv.
1447 484 1507 534 II,‘
1534 481 1604 525 36.
1633 482 1737 533 „sub
1778 481 1905 524 furca
1932 496 2109 525 caesum
2145 496 2265 535 me·-¹

290 565 365 607 dio
395 571 543 622 egerat
573 566 730 606 circo.“
758 560 822 603 ibi
851 561 1057 619 Ruperti.
1100 560 1154 604 cf.
1185 562 1300 604 Hor.
1331 563 1416 607 Sat,
1455 562 1489 613 Ι,
1530 571 1569 612 2,
1607 559 1673 602 66.
1703 562 1754 612 Π,
1793 575 1830 617 7,
1865 571 1937 618 90.
1966 561 2097 616 Virg.
2125 560 2246 606 Aen.

286 643 320 698 I,
344 642 415 703 69.
444 643 542 685 481.
579 641 659 693 IX,
688 640 783 683 565.
816 640 972 697 Georg
1010 639 1041 692 I,
1070 640 1168 698 339.
1198 640 1347 683 Multo
1384 643 1558 698 saepius
1599 642 1794 682 occurrit
1829 642 1876 681 in
1896 641 2246 682 'constructione
2292 682 2296 683 γ

287 722 466 765 ablativi
495 719 609 774 abs.;
637 721 704 760 uti
732 718 850 760 Hist.
878 717 911 763 Ι.
944 731 981 761 2.
1014 717 1054 761 6.
1080 719 1151 765 40.
1181 717 1250 762 63.
1281 719 1347 763 68.
1379 720 1445 763 82.
1474 719 1557 771 IV,
1592 718 1654 764 18.
1686 718 1754 761 62.
1786 720 1853 765 80.
1885 726 1930 781 et
1959 718 2057 760 aliis
2085 717 2243 761 multis
2303 773 2309 775 ⁴

286 799 410 843 locis.

397 876 611 921 Alterum
640 884 717 929 est,
746 876 867 935 quod
895 877 1083 919 verbum
1111 884 1261 919 auctus
1300 883 1401 919 ante
1440 889 1626 919 oceanus
1661 879 1825 933 posuit,
1863 889 1952 935 quo
1993 873 2113 917 facto
2151 886 2240 934 pro

284 956 499 1010 adjectivo
528 955 640 996 illud
669 954 848 1006 habent,
884 970 978 995 non
1006 970 1091 1012 pro
1120 954 1388 1013 praedicato,
1416 955 1537 1014 quod
1568 969 1688 995 nunc
1719 954 1901 995 demum
1930 954 2129 1016 subjecto
2170 960 2239 996 at-

282 1035 507 1079 tribuitur.
566 1034 720 1077 Solent
751 1037 871 1076 enim
901 1037 1141 1092 scriptores
1170 1034 1310 1085 latini,
1337 1038 1576 1094 praecipue
1607 1015 1839 1090 argenteae
1869 1036 2033 1084 aetatis,
2058 1031 2238 1091 praedi-

283 1121 430 1157 catum
460 1112 658 1167 subjecto
687 1126 979 1171 praeponere,
1008 1112 1169 1171 copula
1189 1116 1350 1156 omissa
1377 1113 1447 1157 vel
1475 1120 1579 1172 post
1609 1112 1857 1165 subjectum
1884 1114 2043 1170 posita.
2100 1108 2150 1152 C.
2168 1111 2237 1168 39.

280 1193 431 1247 „ducis
460 1192 569 1233 boni
595 1194 931 1247 imperatoriam
960 1195 1173 1235 virtutem
1204 1197 1335 1235 csse.“
1363 1196 1391 1241 i.
1423 1207 1459 1234 e.
1490 1192 1614 1234 ducis
1642 1191 1751 1233 boni
1782 1194 1991 1233 virtutem
2022 1204 2113 1232 esse
2149 1192 2235 1231 im·-

277 1274 551 1331 peratoriam
581 1270 857 1325 (virtutem.)
895 1269 970 1327 Ὀ.
998 1270 1069 1315 42.
1098 1286 1251 1329 „posse
1283 1275 1416 1314 etiam
1455 1270 1536 1312 sub
1566 1270 1693 1312 malis
1732 1270 2010 1329 principibus
2047 1282 2233 1325 magnos

276 1354 396 1395 viros
426 1352 556 1393 esse.“
585 1348 706 1405 quod
736 1348 869 1405 vulgo
905 1363 1146 1406 perperam
1166 1331 1396 1403 “vertitur3
1426 1349 1612 1392 verbnm
1651 1364 1735 1392 esse
1775 1348 1934 1405 copula
1964 1355 2042 1393 est.
2073 1346 2136 1389 0.·
2162 1345 2233 1390 43.

275 1444 325 1483 „a
358 1428 476 1470 bono
506 1433 634 1485 patre
661 1441 755 1469 non
783 1428 917 1470 scribi
950 1427 1177 1481 heredem,
1205 1432 1291 1472 nisi
1319 1429 1489 1474 malum
1518 1431 1808 1486 principem.“
1837 1431 1864 1471 i.
1906 1442 1943 1471 e.
1973 1412 2066 1470 nou
2104 1429 2235 1485 prin·

276 1511 436 1566 cipem,
462 1508 549 1547 nisi
575 1505 758 1548 malum.
815 1505 1044 1559 Doederl„
1080 1514 1132 1550 ut
1169 1507 1264 1552 fere
1298 1523 1466 1561 omneS,
1505 1507 1694 1551 absurde
1737 1494 1889 1551 versit:
1918 1509 2002 1548 wie
2040 1520 2131 1548 von
2169 1507 2235 1546 ei-

272 1600 380 1630 nem
409 1591 545 1641 guten
576 1583 719 1627 Vater
741 1585 954 1627 niemand
984 1585 1055 1641 (ἓ)
1088 1586 1150 1626 als
1179 1586 1302 1628 Erbe
1341 1591 1581 1642 eingesetzt
1620 1586 1749 1636 wird,
1776 1598 1927 1626 ausser
1966 1586 2040 1626 ein
2075 1583 2232 1625 boeser

269 1664 415 1709 Fiirst.
476 1662 526 1704 C.
556 1662 626 1713 32,
652 1661 853 1713 „coelum
882 1664 1030 1716 ipsum
1060 1676 1110 1701 ac
1138 1676 1262 1701 mare
1292 1669 1336 1700 et
1365 1663 1505 1710 siivas,
1534 1665 1685 1715 ignota
1726 1665 1876 1702 omnia
1925 1664 2095 1704 circum
2125 1675 2229 1718 spe-
2270 1683 2280 1686 ἡ

271 1744 477 1784 etantes.“
505 1745 659 1793 (quam
679 1735 987 1777 Doederleinii
1011 1737 1369 1779 emendationem
1387 1738 1564 1779 Becker
1583 1740 1755 1794 optimo
1784 1738 1881 1791 jure
1891 1741 1940 1781 in
1958 1745 2138 1781 textum
2154 1750 2228 1781 re-

269 1821 399 1876 cepit,
427 1814 559 1871 vulgo
623 1834 648 1854 ω
688 1817 1041 1871 umspectantes.)
1091 1814 1248 1858 Germ.
1278 1813 1348 1860 42.
1404 1815 1676 1873 „Praecipua
1702 1817 2101 1861 Marcomanorum
2129 1816 2227 1875 glo-

267 1900 343 1942 ria·
362 1898 589 1953 viresque,
618 1900 748 1952 atque
777 1896 871 1952 ipsa
903 1896 1040 1937 etiam
1070 1894 1209 1947 sedes,
1240 1893 1379 1953 pulsis
1409 1894 1521 1937 olim
1549 1894 1684 1949 Boiis,
1722 1899 1885 1940 virtute
1924 1901 2090 1956 parta.“
2146 1898 2227 1940 Se-

268 1974 465 2021 micolon
493 1988 520 2017 a
546 1974 751 2017 Passovio
789 1979 911 2016 recte
950 1976 1160 2032 positum.
1218 1972 1409 2016 Bredow
1443 1972 1584 2018 male:
1614 1974 1701 2019 den
1739 1980 2036 2034 vorragerzden
2073 1977 2226 2021 Ruhm

267 2054 363 2100 und
390 2052 491 2097 ihre
513 2051 683 2105 Macht,
710 2052 754 2107 ja
782 2052 916 2096 selbst
945 2051 1078 2097 ihren
1101 2051 1351 2097 Wohnsitz
1378 2077 1424 2085 -
1444 2050 1593 2097 haben
1613 2053 1709 2097 sic-h
1738 2055 1809 2099 die
1831 2056 2058 2102 Markom.
2080 2055 2224 2100 durch

268 2132 486 2192 Tapferk.
525 2132 770 2175 erworben.
810 2131 866 2177 ef.
895 2133 957 2175 H.
997 2132 1049 2184 ΙΙ,
1089 2130 1157 2178 66.
1194 2135 1459 2190 „praecipua
1496 2132 2001 2185 Quartodecimanorum
2044 2134 2222 2187 ferocia,

267 2216 344 2273 qui
372 2225 422 2253 se
451 2214 590 2253 victos
618 2211 909 2256 abnuebant.“
938 2219 1129 2271 utroque
1158 2212 1259 2254 loco
1288 2210 1590 2270 supplendum
1609 2220 1719 2254 erat.
1748 2212 1810 2256 Η.
1838 2213 1870 2271 Ι,
1894 2213 1961 2258 30.
1992 2228 2233 2265 ,,οοηιηιιι-,

264 2305 322 2335 ne
352 2293 522 2332 crimen
551 2288 729 2332 facitis.“
758 2290 808 2342 II,
847 2290 915 2334 33.
946 2294 1266 2341 „remeantium
1286 2290 1449 2337 fractus
1479 2291 1853 2344 animus.“IV,82.
1879 2292 2097 2344 „divinam
2114 2308 2217 2351 spe·

265 2374 380 2414 ciem
408 2370 764 2425 interpretatus.“
807 2369 931 2411 Ann.
962 2369 1013 2421 Π,
1052 2382 1114 2412 12.
1144 2370 1433 2422 „libertorum
1475 2371 1650 2414 servilia
1684 2373 1897 2428 ingenia.“
1924 2371 1994 2424 111,
2026 2386 2063 2416 2.
2100 2373 2216 2426 „lae-

261 2458 356 2492 tam
381 2453 577 2490 mortem
606 2446 720 2488 male
759 2447 1063 2490 dissimulari.“
1095 2449 1174 2498 XI,
1206 2463 1243 2491 2.
1272 2433 1430 2506 „utque
1471 2450 1638 2492 clausae
1668 2465 1792 2491 aures
1822 2453 1957 2492 etiam
1996 2452 2213 2493 confiten-

261 2527 378 2569 tibus
407 2525 595 2567 forent.“
621 2525 736 2568 Plin.
765 2526 870 2568 Pan.
900 2523 967 2568 36.
997 2557 1021 2578 ,,
1048 2526 1179 2568 fiscus
1210 2528 1333 2581 cujus
1361 2528 1478 2571 mala
1496 2528 1639 2571 'causa
1665 2543 1892 2588 nunquam
1923 2537 2000 2583 est,
2029 2534 2111 2572 nisi
2129 2531 2210 2571 sub

260 2607 379 2650 bono
407 2606 654 2661 principef‘

371 2684 582 2729 Tertium
615 2689 693 2735 est,
722 2681 841 2740 quod
870 2682 1115 2741 particulae
1146 2684 1275 2726 modo
1304 2708 1348 2716 -
1375 2687 1510 2738 modo,
1538 2687 1633 2729 hinc
1661 2710 1704 2718 —
1731 2687 1828 2729 hinc
1856 2685 1913 2728 ad
1951 2696 2109 2733 auctus
2138 2703 2210 2731 re-
