2574 3443
999 33 1425 92 ..·····19-·-

267 164 478 229 quisivit?
504 166 642 213 Enim
680 180 789 212 vero
828 166 997 223 cuique*
1019 164 1177 221 ‚statim
1213 177 1259 206 se
1290 162 1453 207 offerre
1491 162 1645 206 debuit
1683 160 1893 224 quaestio,
1930 166 2041 227 quid
2079 174 2225 214 trans-

266 258 441 305 gressus
471 249 527 289 sit
555 237 787 305 Agricola.
847 243 969 297 Quas
999 245 1121 285 enim
1149 246 1488 301 gentequuinto·
1516 243 1857 301 expeditionum
1885 261 2003 289 anno
2033 247 2224 303 domuit,

265 327 314 367 in
342 326 572 369 Britannia
601 325 794 368 secunda
825 321 988 379 (hodie
1016 321 1203 373 VVales)
1234 319 1504 367 habitabant.
1533 345 1601 354 -——
1629 322 1721 365 Res
1750 324 2077 382 simplicissima
2104 328 2222 372 mihi

263 404 440 447 videtur
470 420 578 452 esse,
634 400 749 461 Agr.
777 385 951 446 Romae
979 401 1050 446 vel
1079 401 1184 444 alibi
1213 399 1358 443 suerat
1384 398 1708 460 per'hicmem,
1738 409 1781 445 et
1809 416 1932 457 nave,
1959 421 2045 465 qua
2071 411 2220 466 prima

262 485 459 542 navigari
476 486 636 543 potuit,
666 485 694 528 i.
726 473 762 527 e.
793 494 935 541 quum
954 483 1155 538 primum
1182 482 1380 536 navigari
1407 483 1568 538 potuit,
1597 482 1645 521 in
1666 479 1946 525 Britanniam
1975 488 2220 545 transgres-

262 575 334 604 sus
363 570 452 621 est;
479 577 562 622 per
592 562 790 604 hiemem
823 562 944 601 enim
974 574 1066 601 non
1094 559 1357 616 navigabant
1385 566 1568 600 veteres.
1625 559 1742 603 Hor.
1766 559 1856 605 Od.
1884 560 1918 606 L
1947 562 1989 607 3.

604 642 799 684 Solvitur
839 644 951 682 acris
979 638 1124 681 hiems
1154 645 1279 694 grata
1306 641 1400 679 vice
1429 640 1544 681 veris
1583 644 1626 678 et
1655 637 1865 695 Favoni33

763 715 1058 777 Trahuntque
1087 719 1221 759 siccas
1252 713 1480 758 machinae
1511 718 1693 759 carinas.

259 798 309 840 C.
351 799 413 841 18.
451 799 621 851 „media
659 797 748 853 jam
783 806 947 839 aestate
989 807 1288 852 transgressus
1324 796 1581 852 Agricola.“
1602 782 1657 840 Vc,
1690 807 1754 841 10.
1789 797 1931 848 „fama
1966 807 2031 842 est
2071 809 2218 848 trans.

255 881 456 932 gressis.“
513 881 677 920 Nonne
716 877 814 918 fieri
850 878 1011 931 potuit,
1048 883 1100 917 ut
1141 875 1348 929 Legamus,
1386 890 1527 931 quum
1570 889 1641 917 res
1680 882 1953 932 paterentur,
1991 884 2215 936 permissu

253 954 539 1014 Imperatoris
590 955 794 998 Romam
823 951 1025 997 veniret?
1063 951 1280 1011 Agricola
1326 961 1483 1012 quarto
1525 951 1868 1012 expeditionum
1897 969 2014 1001 anno
2042 957 2212 1006 bellum

252 1049 345 1077 non
384 1037 528 1092 gessit,
554 1018 634 1080 cf.
673 1040 819 1076 totum
867 1038 1001 1090 caput
1040 1032 1119 1084 23„
1168 1031 1247 1074 ubi
1306 1031 1360 1074 de
1400 1029 1563 1075 aestate
1612 1039 1789 1075 tantum
1836 1024 2035 1093 loquitur
2092 1038 2214 1095 Tac.,

251 1128 345 1158 non
385 1111 445 1156 de
479 1120 576 1155 toto
617 1126 732 1155 anno
762 1111 833 1155 vel
868 1110 923 1154 de
954 1118 1117 1153 aestate
1158 1118 1203 1153 et
1233 1110 1286 1152 de
1324 1109 1472 1152 hieme
1504 1115 1754 1169 separatim,
1792 1119 1844 1154 ut
1880 1114 2000 1171 apud
2036 1119 2210 1174 priores

251 1208 404 1238 annos.
464 1194 577 1236 Sane
609 1191 764 1233 debuit
803 1205 1156 1234 commemorare
1186 1187 1514 1248 profectionem
1543 1191 1796 1249 Agricolae,
1825 1193 1903 1235 sed
1933 1193 1987 1236 de
2023 1194 2108 1238 hac
2145 1212 2209 1251 re,

250 1281 299 1317 ut
338 1272 518 1324 leviore,
557 1273 798 1328 separatim
833 1269 956 1329 loqui
996 1270 1164 1322 nolens,
1201 1269 1299 1324 jure
1338 1273 1540 1327 speravit,
1578 1275 1776 1330 quemvis
1824 1286 1882 1316 ex
1922 1274 2066 1318 verbis
2105 1292 2209 1323 nave

242 1355 719 1413 prima-transgressus
747 1363 826 1392 sua
853 1356 1012 1407 sponte
1043 1337 1335 1391 collecturum
1364 1362 1469 1402 esse,
1497 1349 1760 1407 Agricolam
1791 1364 1850 1394 ex
1877 1351 2106 1396 Britannia
2129 1370 2209 1399 an-

245 1440 316 1476 tea
344 1431 600 1488 profectum
629 1444 734 1482 esse,
763 1443 914 1486 quum,
943 1432 1020 1486 qui
1048 1432 1097 1470 in
1125 1436 1293 1479 terram
1321 1428 1500 1480 rediret,
1522 1437 1649 1472 antea
1669 1430 1723 1472 de
1744 1445 1793 1473 ea
1814 1431 2049 1476 decessisse
2070 1449 2209 1493 opor-

244 1519 373 1553 teret.
430 1510 551 1554 Jllud
581 1513 716 1559 enim,
746 1523 885 1565 quum
915 1507 1082 1566 aliquid
1109 1506 1197 1550 tale
1229 1505 1433 1550 nondum
1452 1507 1663 1551 vidissent
1683 1517 1870 1564 veteres,
1900 1513 2094 1569 cogitare
2112 1526 2207 1558 non

243 1591 405 1649 potuit,
433 1595 642 1645 tempora
669 1584 821 1629 futura
849 1599 957 1638 esse,
985 1586 1146 1642 quibus
1174 1587 1345 1640 patrius
1377 1598 1481 1626 suus
1511 1598 1659 1628 sermo
1693 1600 1751 1630 ex
1778 1591 1870 1631 vita
1897 1594 1943 1630 et
1973 1598 2208 1633 consuetu-

244 1668 347 1713 dine
379 1668 614 1713 communi
643 1664 831 1717 abiisset,
860 1668 903 1705 et
932 1662 1090 1719 quibus
1120 1661 1320 1714 vulgares
1361 1673 1489 1701 voces
1530 1669 1574 1700 et
1609 1663 1824 1718 loquendi
1878 1665 2051 1706 formae
2110 1682 2202 1711 non

241 1745 331 1803 jam
361 1740 742 1800 intelligerentur!

242 1985 350 2045 Cap.
378 1979 542 2027 XXV.
572 1980 770 2025 Ceteram
800 1982 966 2029 aestate,
1004 1989 1089 2035 qua
1130 1982 1288 2021 sextum
1325 1974 1468 2036 officii
1505 1989 1662 2021 annum
1700 1980 1941 2036 inchoabat,
1979 1987 2204 2045 amplexus

381 2066 573 2108 civitates
602 2068 725 2104 trans
752 2060 1013 2102 Bodotriam
1041 2061 1160 2109 sitas,
1189 2059 1287 2114 quia
1318 2065 1464 2101 motus
1490 2058 1785 2104 universarum
1810 2063 1934 2108 ultra
1961 2079 2065 2124 gent

586 2141 689 2183 tium
718 2145 758 2180 et
785 2135 940 2193 infesta
971 2137 1136 2178 hostilis
1165 2138 1365 2178 exercitus
1395 2139 1554 2179 itinera
1584 2140 1859 2192 timebantur,

888 2221 1041 2271 portus
1069 2215 1199 2259 classe
1228 2206 1466 2273 exploravit
1493 2215 1564 2258 rel.

340 2377 500 2421 Lectio
531 2375 629 2417 edd.
659 2381 764 2418 vett.
795 2375 959 2431 amplas
986 2386 1073 2431 pro
1105 2376 1333 2433 amplexus,
1361 2389 1496 2433 quam
1526 2376 1616 2418 Jm.
1639 2373 1833 2426 Bekker,
1870 2377 2046 2431 mirum
2078 2386 2200 2432 sane,

235 2458 469 2507 revocavit,
499 2461 542 2496 ct
571 2469 705 2513 quam
735 2452 949 2496 Doederl.
979 2456 1113 2496 nimis
1154 2454 1388 2497 artificiose
1431 2452 1670 2497 defendere
1700 2452 1880 2506 studuit,
1907 2453 2194 2514 nullo‚pacto

238 2535 510 2577 admittenda
524 2524 601 2576 est.
642 2536 754 2577 Satis
774 2532 938 2578 habere
960 2532 1187 2586 debemus,
1205 2534 1405 2576 codicem
1433 2534 1552 2585 Vat.,
1572 2532 1705 2594 quod'-
1720 2532 2002 2593 Maggiofam'
2018 2551 2192 2594 quoque

237 2615 392 2671 legisse
421 2613 609 2665 videtur,
638 2613 854 2656 exhibere
885 2614 1120 2670 amplexus,
1149 2616 1320 2671 quippe
1349 2627 1438 2671 quo
1469 2616 1613 2657 omnis
1644 2609 1880 2702 diff-culm
1920 2612 2089 2673 sublata
2119 2618 2191 2663 nit,
