2574 3443
1077 112 1417 157 ...15-

290 302 297 305 .
376 244 559 287 Tacitus
575 246 741 286 'animo
770 245 1001 300 cogitavit:
1029 256 1162 285 naves
1192 241 1387 293 deerant,
1415 254 1504 299 qua
1523 253 1574 281 re
1603 240 1788 283 consilia
1817 240 1950 283 dubia
1969 246 2121 293 erant,
2148 239 2230 282 sed

261 325 376 368 ratio
406 330 450 367 et
479 326 724 367 constantia
753 322 877 366 ducis
904 324 1127 383 pervexit.
1184 321 1259 365 Ex
1287 318 1358 363 his
1384 318 1530 362 tribus
1570 319 1946 363 enuntiationibus
1981 317 2227 378 periodum

263 411 308 448 et
337 418 433 446 eam
464 404 645 462 quidem
673 416 801 444 more
831 417 912 443 suo
942 416 1077 460 quam
1105 400 1414 442 brevissimam
1444 400 1631 441 ficturus
1662 406 1756 440 erat
1784 399 1985 458 (Zumpt.
2026 404 2109 447 Gr.
2147 403 2227 446 lat.

262 484 330 525 ed.
367 484 427 525 V.
457 486 475 536 ᾗ
521 481 637 538 804).
673 481 765 526 Sed
795 495 882 536 qua
909 482 1081 520 ratione
1110 493 1183 520 res
1214 486 1307 519 erat
1334 478 1620 534 perficienda,
1648 493 1788 534 quum
1816 478 2005 520 verbum
2022 481 2227 523 substan-

260 566 403 606 tivum
442 563 681 619 participio
722 561 938 614 temporis
977 561 1181 599 instantis
1220 559 1393 600 careat?
1422 559 1528 601 alias
1560 557 1736 598 dicendi
1766 556 1983 599 formulas
2011 574 2226 616 quaerere

259 641 415 684 noluit.
449 641 516 696 (F.
545 639 605 681 A.
634 635 780 681 Wolf
802 636 858 678 ad
898 636 1022 678 Ann.
1061 634 1093 686 I,
1121 647 1190 689 41.
1250 637 1319 687 „Si
1361 641 1479 679 triste
1517 636 1787 677 substantive
1826 636 1996 680 dictum
2016 627 2261 703 w

260 723 377 763 tristi
408 718 521 761 facie
550 730 717 766 rerum,
747 728 837 773 quo
861 716 915 756 in
941 712 1042 756 loco
1073 716 1193 770 quod
1221 721 1341 756 recte
1369 714 1517 767 habet,
1544 714 1687 757 videri
1733 722 1879 772 potest
1910 717 2092 759 Tacitus
2129 715 2226 759 fru-

261 808 351 841 stra
380 799 643 855 quaesivisse
671 794 958 845 vocabulum,
988 793 1109 850 quod
1148 807 1248 834 eam
1287 808 1384 837 rem
1424 778 1558 852 quam
1596 794 1854 835 brevissime
1893 793 2228 852 exprimeret.“)

262 876 451 920 Coactus
480 878 619 933 igitur
645 873 730 927 vel,
758 876 795 917 si
823 876 976 926 mavis,
1004 879 1128 931 grata
1158 871 1425 929 negligentia
1456 871 1547 914 duo
1575 875 1727 931 priora
1758 875 1945 931 cogitata
1975 888 2065 916 una
2084 888 2226 917 enun-

258 958 440 997 tiatione
470 956 689 1010 expressit
718 951 837 1010 (vide
868 952 924 994 ad
954 967 990 993 c.
1022 951 1098 1008 20)
1139 953 1413 1010 scripsitque,
1442 951 1563 1010 quod
1603 966 1723 994 nunc
1763 955 1981 1011 scriptum
2019 952 2224 1012 legimus,

261 1037 333 1076 cui
362 1042 514 1075 tamen
542 1034 659 1075 nihil
687 1036 824 1083 inest,
862 1046 951 1089 quo
990 1030 1293 1082 offendamur,
1331 1047 1462 1089 quam
1503 1032 1626 1090 qued
1662 1047 1761 1074 rem
1801 1037 2028 1089 posterius
2069 1018 2225 1091 enpri-

257 1113 468 1156 mendam
498 1114 777 1169 praesumsit.
837 1110 1121 1168 Quamquam
1161 1109 1289 1152 nobis
1330 1126 1507 1169 quoque
1544 1111 1651 1154 licet
1688 1112 1858 1154 dicere:
1915 1112 2000 1155 Als
2040 1112 2147 1154 aber
2176 1102 2247 1153 in·

258 1190 339 1236 der
367 1183 692 1248 Verlegenheit
728 1190 861 1234 keine
890 1188 1058 1234 Schiffe
1090 1189 1146 1234 da
1176 1204 1337 1244 waren,
1377 1205 1483 1249 pro:
1522 1189 1608 1236 Als
1648 1190 1754 1234 aber
1791 1188 1923 1234 keine
1954 1190 2124 1235 Schiffe
2167 1190 2222 1234 da

256 1285 418 1322 waren,
446 1270 541 1312 und
569 1285 676 1313 man
704 1270 959 1327 desswegen
985 1273 1034 1312 in
1072 1269 1393 1327 Verlegenheit
1423 1285 1527 1313 war.
1596 1270 1718 1312 Vide
1760 1271 1814 1313 de
1855 1271 1939 1314 hac
1977 1285 2026 1313 re
2063 1271 2220 1313 Passo-

257 1352 379 1394 vium
400 1350 454 1392 ad
478 1351 633 1393 Germ.
660 1350 729 1393 31.
759 1350 917 1401 „vultu
934 1352 1112 1391 mitiore
1131 1355 1490 1392 mansuescunt.“
1525 1357 1569 1392 et
1597 1364 1708 1407 quos
1731 1354 1794 1391 ini
1825 1350 1976 1392 laudat
2005 1350 2156 1392 libros.
2176 1373 2222 1383 -

364 1427 631 1484 Conjunctio
661 1431 734 1471 sed
762 1427 819 1469 ad
847 1431 1037 1484 pervexit
1066 1427 1202 1470 relata
1230 1432 1324 1471 sine
1343 1443 1470 1471 causa
1499 1412 1763 1486 scrupulum
1803 1431 1956 1470 iniecit
1984 1428 2222 1481 Dronki03

257 1519 384 1563 saepe
421 1510 468 1549 in
506 1506 751 1559 narrando,
789 1506 909 1564 apud
950 1506 1125 1550 Sallust.
1167 1510 1358 1561 centies,
1401 1511 1494 1552 vim
1540 1509 1859 1553 adversativam
1905 1506 2132 1565 deposuit,
2171 1513 2222 1548 ut

254 1592 461 1626 nostrum
491 1586 605 1628 aber.
661 1586 784 1629 Anu.
825 1585 857 1636 Ι,
887 1584 955 1627 63.
983 1585 1035 1636 H,
1075 1584 1145 1630 64.
1184 1585 1342 1628 Germ.
1381 1599 1451 1645 29.
1489 1590 1572 1630 Sed
1610 1589 1801 1629 insulam
1842 1586 1974 1628 Rheni
2011 1584 2115 1637 rel.,
2143 1583 2223 1626 —ibi

256 1663 387 1709 Hess.
426 1665 495 1707 Cf.
535 1664 752 1715 Doeleke,
791 1662 1186 1705 Deutsch-latein.
1224 1663 1611 1709 schal-Gratum.
1647 1668 1681 1718 ᾗ.
1711 1666 1773 1706 Χ.
1802 1659 1863 1706 N·
1898 1677 1962 1720 29.
2002 1664 2112 1705 Meo
2141 1679 2220 1705 au-

255 1750 349 1786 tem
380 1759 514 1787 sensu
541 1752 695 1786 nostro
725 1744 825 1785 loco
856 1744 928 1783 sed
954 1744 1046 1782 vim
1075 1755 1218 1792 suam,
1244 1756 1350 1798 qua,
1389 1749 1439 1783 ut
1478 1758 1613 1800 supra
1650 1747 1919 1795 monstravi,
1946 1747 2076 1785 initio
2105 1743 2218 1786 illud

258 1825 465 1877 cogitavit
495 1820 651 1871 Tacit.,
696 1822 829 1861 etiam
872 1822 1176 1876 antepositum
1213 1822 1295 1871 rei,
1333 1821 1404 1861 cui
1443 1818 1722 1875 adversatur,
1773 1836 1947 1864 servare
1983 1829 2147 1881 potest.
2175 1847 2221 1856 ·-

250 1901 555 1956 Interpunctio
577 1903 722 1956 *igitur
751 1901 895 1940 nostri
924 1899 1014 1939 loci
1043 1901 1105 1939 sic
1135 1898 1417 1954 refingenda:
1477 1901 1562 1942 Sed
1594 1908 1643 1942 ut
1667 1905 1710 1944 in
1742 1903 1882 1944 dubiis
1912 1905 2103 1944 consiliis
2141 1917 2219 1944 na-

249 1993 323 2023 ves
353 1981 533 2032 deerant,
562 1981 675 2023 ratio
706 1984 750 2020 et
779 1978 1019 2022 constantia
1033 1976 1150 2023 ducis
1175 1980 1371 2037 pervexit.

533 2191 641 2249 Cap.
682 2190 814 2235 XIX.
874 2190 997 2236 Nihil
1034 2207 1113 2250 per
1155 2191 1324 2237 fibertos
1360 2205 1587 2252 servosque
1622 2193 1825 2252 publicae
1861 2197 1934 2238 rei.

366 2361 473 2406 VV.
500 2360 607 2403 DD.
637 2361 824 2403 verbum
854 2360 1012 2418 agendi
1040 2364 1297 2420 requirunt3
1325 2361 1471 2420 Bipp.,
1500 2362 1668 2416 Oberl.,
1695 2363 1905 2416 Seebode,
1933 2363 2090 2418 Bloch,
2119 2366 2215 2412 Va·

253 2444 431 2493 leriam,
473 2440 547 2482 alii
585 2456 713 2498 agere
753 2439 988 2481 intrudunt
1033 2449 1134 2483 ante
1167 2442 1295 2486 Nihil
1306 2460 1318 2496 3
1356 2443 1435 2485 Im.
1472 2444 1652 2487 Bekker
1691 2451 1733 2485 et
1773 2444 1830 2487 U.
1869 2444 1902 2486 I.
1940 2445 2002 2488 H.
2040 2446 2215 2492 Becker

251 2521 373 2565 idem
402 2519 588 2571 verbum
616 2521 742 2561 uncis
772 2518 1026 2574 includunt3
1054 2518 1245 2565 Dronke
1277 2524 1447 2564 critices
1476 2521 1575 2581 lege
1606 2529 1779 2565 coactus
1808 2528 2083 2569 constantem
2116 2527 2212 2572 cod.

253 2601 357 2644 Vat.
387 2607 431 2641 et
462 2599 561 2641 edd.
592 2605 695 2641 vett.
725 2602 993 2656 scripturam
1021 2603 1269 2656 perinvitus
1299 2604 1391 2643 sine
1415 2601 1716 2644 additamento
1739 2601 1867 2644 nobis
1886 2602 2031 2646 offert.
2071 2605 2214 2662 Equi-

256 2679 356 2720 dem
386 2676 500 2719 facio
533 2688 635 2719 cum
665 2678 1004 2729 Domierleinio,
1034 2682 1109 2735 qui
1138 2679 1194 2720 ad
1223 2680 1371 2722 locum
1408 2681 1544 2737 paulo
1585 2681 1843 2724 inferiorem
1884 2686 2098 2739 sagaciter
2135 2686 2214 2727 ad-

254 2764 398 2800 notat:
430 2757 518 2799 Die
546 2756 847 2814 Mtigliehkeit
877 2757 958 2799 der
986 2764 1144 2799 treuen
1173 2758 1511 2818 Uebersetzung
1539 2762 1730 2815 beweist,
1760 2762 1856 2805 dass
1875 2762 1947 2805 die
1968 2763 2214 2809 Annahme
