2574 3443
1113 119 1456 176 -2-11—

236 267 245 273 ·
302 265 372 299 ⁷10.
401 265 594 311 eumque
622 252 770 302 secuti>
789 250 978 303 Passow‚
1005 248 1138 301 Hem,
1166 246 1407 291 Guenther
1436 244 1550 292 VV.
1587 243 1694 288 DD.
1730 246 1967 305 inprocera
2005 244 2064 289 ad
2102 251 2270 289 terram

302 332 568 375 retulerunt.
625 331 688 374 Es
718 333 775 372 ist
795 326 922 371 reich
954 343 1012 371 an
1032 326 1169 380 weh,
1184 326 1292 370 aber
1311 340 1355 367 es
1376 325 1474 383 (das
1495 314 1651 380 Laud)
1682 326 1739 366 ist
1757 328 1967 367 meistens
1985 323 2113 367 nicht
2135 323 2271 369 hoch.

246 435 254 438 -
304 409 496 468 Dilthey
524 409 585 462 V.
593 409 665 470 {D
694 407 802 451 huic
831 409 1036 465 opinioni
1057 409 1228 450 ‘merito
1256 417 1511 462 repugnans
1539 401 1658 445 male
1686 417 1772 461 pro
1801 406 2018 453 nominat,
2046 403 2167 464 plur.
2189 401 2271 448 ha·

303 489 408 545 bet3
438 490 547 535 Tac.
575 495 675 531 tum
703 488 901 544 pleraque
930 489 1190 543 scripsisset,
1218 491 1270 527 ut
1298 484 1436 526 voluit
1465 483 1663 540 Lipsius.

416 566 535 611 Hist.
566 566 599 619 I,
631 579 698 624 29.
728 588 797 617 „-
826 564 900 606 alii
931 563 1175 606 formidine
1206 569 1426 620 augentes,
1456 560 1641 618 quidam
1669 563 1847 604 minora
1864 565 2009 604 vero.“
2066 563 2142 605 Ex
2162 575 2269 604 voce

306 655 524 702 augentes,
554 650 583 687 i.
615 660 652 687 e.
696 644 889 686 dicendo
928 658 1091 699 augere
1127 657 1238 692 rem,
1276 641 1462 683 verbmn
1504 640 1685 682 dicendi
1725 640 1996 684 eliciendum
2037 649 2116 692 est,
2149 641 2271 683 unde

305 726 475 782 pendet
491 730 690 773 mussat..
711 724 889 765 minora.
948 721 1083 773 Quod
1112 724 1300 764 minime
1329 719 1432 762 licet
1461 722 1514 762 iis
1544 717 1756 776 (Ernest.,
1785 721 1873 764 Jm.
1895 719 2117 772 Bekkem,
2145 719 2271 777 aliis),

308 807 386 861 qui
416 801 615 844 scribunt
637 798 919 856 formidinem
949 808 1162 856 augentes.
1192 800 1373 841 Etenim
1402 805 1501 839 tum
1542 811 1699 854 augere
1738 798 1926 841 verbum
1966 798 2145 841 dicendi
2180 815 2273 843 non

308 879 664 938 comprehendit,
713 879 895 921 denotat
933 878 1218 921 solummodo
1271 881 1472 920 maiorem
1522 880 1712 921 reddere.
1772 878 2025 940 Guttmann
2064 878 2272 921 absurde:

308 961 468 1015 Einige
498 958 786 1012 vergr'ossern
816 957 888 997 die
918 957 1100 1008 Fut-ebt,
1129 957 1294 999 andere
1335 956 1623 997 vel-kleinern
1663 957 1736 998 die
1775 956 2040 999 VVahrheit.
2102 958 2273 1000 Trans-

308 1036 550 1080 ferendum
572 1034 685 1077 fuit:
714 1036 874 1091 Eiuige
903 1037 1190 1093 vergi-iissem
1220 1035 1291 1077 die
1322 1033 1462 1077 Sache
1493 1050 1570 1077 aus
1600 1035 1633 1077 F
1636 1033 1783 1086 urcht‚
1812 1034 1977 1077 andere
1996 1035 2186 1079 macheu
2208 1041 2270 1080 sie

309 1116 499 1167 kleiner‚
540 1114 602 1158 als
632 1117 693 1156 sie
725 1114 931 1156 wirkh'ch
962 1130 1073 1169 war;
1100 1116 1171 1158 vel
1208 1115 1395 1166 brevius,
1434 1114 1513 1156 sed
1554 1114 1762 1156 obscure:
1803 1117 1957 1172 einige⁸
1988 1118 2271 1173 vergrijssern

309 1210 385 1238 aus
415 1194 595 1244 Furem,
625 1193 789 1234 andere
819 1195 1117 1237 verkleinern.
1175 1195 1312 1250 Haud
1341 1193 1470 1235 facile
1501 1192 1593 1243 fiet,
1621 1200 1670 1233 ut
1701 1197 1934 1251 quisquam
1956 1193 2269 1239 Cornelianum

309 1276 446 1313 totius
493 1272 625 1312 huius
664 1272 766 1322 loci,
800 1278 850 1311 ut
891 1273 1142 1313 multorum
1182 1273 1384 1322 aliorum,
1424 1271 1688 1312 brevitatem
1726 1271 1960 1313 vernacule
2001 1281 2268 1329 assequatur.

310 1351 382 1395 Cf.
411 1350 530 1393 infra
559 1351 615 1392 ad
645 1365 682 1392 c.
714 1364 780 1407 19.
812 1365 880 1407 27.
911 1353 1131 1398 Goerenz.
1160 1352 1216 1393 ad
1247 1351 1338 1394 Cic.
1369 1350 1422 1391 de
1452 1349 1549 1394 Fin.
1578 1350 1628 1402 Π,
1657 1349 1691 1407 ξ.
1720 1350 1788 1393 34.
1819 1349 1887 1394 88,

309 1588 421 1634 Eod.
463 1584 571 1645 Cap.
613 1590 818 1647 Dispaecta
855 1598 916 1633 est
950 1596 993 1632 et
1035 1588 1205 1648 Thyle,
1243 1603 1374 1646 quam
1422 1591 1627 1632 hactenus
1662 1592 1734 1631 nix
1774 1594 1816 1631 et
1854 1591 1984 1631 hiems
2020 1591 2246 1648 appetebat
2259 1607 2270 1646 ς

542 1670 615 1710 sed
643 1682 760 1712 mare
786 1671 964 1725 pigrum
991 1674 1037 1709 et
1064 1681 1203 1724 grave
1233 1671 1539 1722 remigantibus
1567 1670 1794 1720 perhibent,
1825 1681 1875 1709 we
1910 1671 2045 1711 ventis

1010 1748 1169 1799 quidem
1195 1746 1373 1800 proinde
1409 1746 1564 1786 attoni.

420 1902 491 1944 Jta
520 1900 684 1956 legitur
714 1908 757 1942 et
785 1903 834 1943 in
863 1900 962 1942 cod.
1002 1900 1107 1942 Vat.
1138 1908 1182 1941 et
1210 1903 1259 1942 in
1287 1899 1386 1941 edd.
1405 1906 1510 1942 vett.
1541 1900 1662 1956 quod
1693 1905 1919 1957 optimum
1940 1917 2115 1946 sensum
2137 1920 2271 1962 prae-

305 1981 395 2025 bet.
455 1979 675 2031 Editores,
705 1995 842 2036 quum
873 1978 1083 2022 adverbio
1114 1983 1329 2023 hactenus
1356 1979 1549 2021 alienam
1578 1984 1811 2024 notionem
1840 1982 2121 2037 subjicerem,
2149 1989 2269 2029 varie

307 2060 431 2101 hunc
461 2059 612 2100 loc-nm
643 2064 955 2114 corruperunt.
1013 2058 1226 2110 Primam,
1257 2073 1388 2115 quam
1409 2058 1533 2108 Ern.‚
1561 2059 1774 2111 Seebode‚
1795 2060 2023 2112 Doederl.‚
2044 2062 2131 2105 Jm.
2151 2063 2272 2106 Bek-

308 2138 391 2182 ker
422 2136 621 2195 amplexi
651 2142 767 2188 sunt,
800 2135 1106 2194 corruptelam
1135 2136 1380 2181 Rhenanus
1409 2135 1590 2179 induxit
1620 2138 1800 2181 abdebat
1831 2137 2027 2181 scribens
2066 2153 2151 2197 pro
2192 2156 2273 2200 ap-

306 2220 486 2275 petebat.
516 2214 729 2258 Tacitum
760 2216 924 2257 dixisse
954 2216 1133 2258 volunt:
1174 2215 1360 2257 antehac
1398 2223 1589 2273 propter
1628 2220 1779 2259 nivem
1818 2226 1861 2260 et
1899 2218 2098 2260 hiemem
2136 2233 2269 2262 nemo

306 2302 401 2335 tam
440 2295 574 2350 longe
621 2298 975 2350 septentrionem
1013 2308 1165 2337 versus
1204 2294 1447 2351 procedere
1498 2299 1658 2350 potuit.
1716 2298 1843 2339 Num
1881 2297 2085 2338 Romana
2135 2297 2270 2341 classe

308 2372 567 2414 adveniente
609 2380 768 2415 natura
806 2373 925 2415 illins
964 2376 1161 2429 region-³3
1201 2379 1369 2415 mutata
1405 2371 1504 2414 est?
1544 2387 1601 2414 an
1638 2377 1858 2416 rationem
1899 2374 2095 2431 aliquam
2134 2390 2271 2419 exco-

308 2454 517 2506 gitarunt,
553 2464 640 2506 qua
679 2453 781 2492 istas
813 2450 1092 2492 difficultates
1132 2448 1428 2507 superarunt?
1479 2449 1687 2493 Profecto
1728 2468 1820 2495 non
1860 2455 2081 2495 omisisset
2120 2463 2271 2498 noster

308 2527 425 2570 hanc
463 2528 684 2569 rationem
724 2527 959 2571 nobiscum
1000 2532 1344 2572 communicare.
1402 2527 1753 2586 Bipontinorum
1794 2531 1926 2572 lectio
1968 2533 2271 2587 quadamtenus

307 2605 396 2661 jam
433 2606 533 2648 ideo
564 2604 748 2651 ferenda
776 2623 869 2650 non
899 2615 975 2660 est,
1005 2609 1137 2666 quod,
1167 2622 1268 2651 mea
1296 2605 1479 2664 quidem
1509 2613 1738 2660 sententia,
1779 2612 1862 2650 nisi
1905 2614 2159 2665 gravissima
2199 2628 2271 2656 ar·

309 2692 521 2743 gumenta
545 2685 592 2727 id
622 2686 876 2743 efflagitant,
905 2701 998 2729 non
1026 2685 1131 2727 licet
1161 2700 1317 2729 vocem
1347 2686 1627 2739 conjiciendo
1657 2689 1881 2738 inducere,
1910 2702 2019 2744 quae
2050 2703 2271 2747 nusquam

312 2764 416 2806 alibi
446 2767 494 2804 in
523 2767 753 2820 scrip!0re‚
783 2766 837 2806 de
871 2780 959 2822 quo
992 2769 1150 2821 agitur,
1179 2771 1394 2815 occurrat,
1426 2773 1469 2806 et
1492 2781 1608 2822 quae
1640 2766 1754 2822 apud
1788 2767 1896 2807 alios
1931 2766 2051 2807 haud
2077 2770 2136 2808 ita
2180 2775 2271 2812 usi-

1697 2846 1718 2874 2
1744 2835 1770 2861 ῆι
